% Encoding: UTF-8

% Nur für quotes:

@misc{lwm2m_definition,
  author       = {},
  title        = {Lightweight M2M (LWM2M)},
  howpublished = {\url{https://omaspecworks.org/what-is-oma-specworks/iot/lightweight-m2m-lwm2m}},
  year         = {},
  note         = {[Online; accessed 13-01-2023]}
}

% --------------

@manual{gnu_make,
  author       = {},
  title        = {GNU Make},
  howpublished = {\url{https://www.gnu.org/software/make/manual/make.pdf}},
  year         = {},
  note         = {[Online; accessed 14-01-2023]}
}

@misc{eclipse_wakaama,
  author       = {},
  title        = {Eclipse Wakaama},
  howpublished = {\url{https://github.com/eclipse/wakaama}},
  year         = {},
  note         = {[Online; accessed 04-01-2023]}
}

@misc{zephyr_settings_pull_request,
  author       = {},
  title        = {Zephyr Settings PR},
  howpublished = {\url{https://github.com/zephyrproject-rtos/zephyr/pull/6408}},
  year         = {},
  note         = {[Online; accessed 26-09-2022]}
}

@misc{riot_pr_10622,
  author       = {},
  title        = {RIOT PR 10622},
  howpublished = {\url{https://github.com/RIOT-OS/RIOT/pull/10622}},
  year         = {},
  note         = {[Online; accessed 24-11-2022]}
}

@misc{riot_pr_10799,
  author       = {},
  title        = {RIOT PR 10799},
  howpublished = {\url{https://github.com/RIOT-OS/RIOT/pull/10799}},
  year         = {},
  note         = {[Online; accessed 24-11-2022]}
}

@misc{riot_documentation,
  author       = {},
  title        = {RIOT OS Documentation},
  howpublished = {\url{https://doc.riot-os.org/}},
  year         = {},
  note         = {[Online; accessed 06-01-2023]}
}

@misc{riot_drivers,
  author       = {},
  title        = {RIOT OS Drivers},
  howpublished = {\url{https://doc.riot-os.org/group__drivers.html}},
  year         = {},
  note         = {[Online; accessed 08-01-2023]}
}

@misc{matter_standard,
  author       = {},
  title        = {matter standard},
  howpublished = {\url{https://csa-iot.org/all-solutions/matter/}},
  year         = {},
  note         = {[Online; accessed 07-01-2023]}
}

@misc{never_gonna_give_you_up,
  author       = {},
  title        = {Wikipedia},
  howpublished = {\href{https://www.youtube.com/watch?v=dQw4w9WgXcQ}{https://wikipedia.org}},
  year         = {},
  note         = {[Online; accessed 19-01-2023]}
}

@datasheet{UCS1903,
  author       = {},
  title        = {UCS1903},
  howpublished = {\url{https://cdn.sparkfun.com/assets/6/d/6/c/3/UCS1903_IC-manul.pdf}},
  year         = {},
  note         = {[Online; accessed 20-01-2023]}
}

@datasheet{SK6812,
  author       = {},
  title        = {SK6812},
  howpublished = {\url{https://cdn-shop.adafruit.com/product-files/1138/SK6812+LED+datasheet+.pdf}},
  year         = {},
  note         = {[Online; accessed 20-01-2023]}
}

@datasheet{WS2812,
  author       = {},
  title        = {WS2812},
  howpublished = {\url{https://cdn-shop.adafruit.com/datasheets/WS2812.pdf}},
  year         = {},
  note         = {[Online; accessed 20-01-2023]}
}

@inproceedings{4253243,
  author    = {Rana, Vincenzo and Santambrogio, Marco and Sciuto, Donatella},
  booktitle = {2007 IEEE International Symposium on Circuits and Systems},
  title     = {Dynamic Reconfigurability in Embedded System Design},
  year      = {2007},
  volume    = {},
  number    = {},
  pages     = {2734-2737},
  doi       = {10.1109/ISCAS.2007.378618}
}

@inproceedings{hussein2017model,
  title     = {Model-driven development of adaptive IoT systems.},
  author    = {Hussein, Mahmoud and Li, Shuai and Radermacher, Ansgar},
  booktitle = {MODELS (Satellite Events)},
  pages     = {17--23},
  year      = {2017}
}

@inproceedings{7930220,
  author    = {Alkhabbas, Fahed and Spalazzese, Romina and Davidsson, Paul},
  booktitle = {2017 IEEE International Conference on Software Architecture (ICSA)},
  title     = {Architecting Emergent Configurations in the Internet of Things},
  year      = {2017},
  volume    = {},
  number    = {},
  pages     = {221-224},
  doi       = {10.1109/ICSA.2017.37}
}

@inproceedings{7592792,
  author    = {Costa, Bruno and Pires, Paulo F. and Delicato, Flávia C.},
  booktitle = {2016 42th Euromicro Conference on Software Engineering and Advanced Applications (SEAA)},
  title     = {Modeling IoT Applications with SysML4IoT},
  year      = {2016},
  volume    = {},
  number    = {},
  pages     = {157-164},
  doi       = {10.1109/SEAA.2016.19}
}
