@techreport{an-daoaf-13,
  author = {Arbor Networks},
  title	= {{Defending Against the ``Operation Ababil'' Financial Services DDoS Attacks}},
  type = {Arbor Insight},
  institution = {Arbor Networks},
  publisher = {Arbor Networks},
  howpublished = {\url{http://www.arbornetworks.com/docman-component/doc_download/657-defending-against-the-operation-ababil-financial-services-ddos-attacks}},
  year = {2013},
  month = {July},
  note = {Retrieved 2013-08-06}
}

@misc{nanog-isr-12,
  title	= {{2012 Infrastructure Security Report - NANOG57}},
  publisher = {NANOG},
  howpublished	= {\url{http://www.nanog.org/meetings/abstract?id=2050}},
  year = {2012},
  month = {February},
  note = {Retrieved 2013-08-06}
}

@misc{nsfocus-oaa-13,
  title = {Operation Ababil Analysis},
  publisher = {NSFOCUS},
  howpublished	= {\url{http://www.nsfocus.com/en/2013/SecurityView_0315/124.html}},
  year = {2013},
  month = {March},
  note = {Retrieved 2013-08-06}
}

@misc{radware-oamda-13,
  title = {{Operation Ababil - Major DDoS Attacks}},
  publisher = {Radware},
  howpublished = {\url{http://security.radware.com/knowledge-center/DDoSPedia/operation-ababil/}},
  note = {Retrieved 2013-08-06}
}

@techreport{ert-oarp-13,
  author = {Emergency Response Team},
  title = {{Operation Ababil}},
  type = {Research Paper},
  publisher = {Radware ERT},
  institution = {Radware},
  howpublished = {\url{http://security.radware.com/uploadedFiles/Resources_and_Content/Case_Summaries/Operation_Ababil_ERT_Research_Paper.pdf}},
  year = {2013},
  month = {February},
  note = {Retrieved 2013-08-06}
}

@misc{prolexic-tib-13,
  title = {{THREAT: itsoknoproblembro "BroDoS"}},
  publisher = {Prolexic},
  howpublished = {\url{http://www.prolexic.com/kcresources/prolexic-threat-advisories/prolexic-threat-advisory-itsok-010312/index.html}},
  year = {2013},
  month = {January},
  note = {Retrieved 2013-08-06}
}

@misc{ehacking-itbbb-13,
  title = {{'itsoknoproblembro' Toolkit - The Beast that Beat Banks}},
  publisher = {Ethical Hacking},
  howpublished	= {\url{http://www.ehacking.net/2013/01/itsoknoproblembro-toolkit-beast-that.html}},
  year = {2013},
  month = {January},
  note = {Retrieved 2013-08-06}
}

@misc{riorey-rtda-13,
  title = {{RioRey Taxonomy of DDoS Attacks}},
  publisher = {RioRey},
  howpublished = {\url{http://www.riorey.com/x-resources/2013/RioRey_Taxonomy_DDoS_Attacks_2.4_2013.pdf}},
  year = {2013},
  month = {June},
  note = {Retrieved 2013-08-08}
}

@misc{h-dacfa-13,
  author = {holden},
  title = {{Deconstructing the Al-Qassam Cyber Fighters Assault on US Banks}},
  publisher = {Analysis Intelligence},
  howpublished = {\url{http://analysisintelligence.com/cyber-defense/deconstructing-the-al-qassam-cyber-fighters-assault-on-us-banks/}},
  year = {2013},
  month = {January},
  note = {Retrieved 2013-08-06}
}

@misc{c-bnpba-12,
  author = {cyberstrikenews},
  title = {{Twitter / cyberstrikenews: @thehackersnews BoA and NYSE ...}},
  publisher = {Twitter},
  howpublished = {\url{https://twitter.com/cyberstrikenews/status/248056646071361536}},
  year = {2012},
  month = {January},
  day = {18},
  note = {Retrieved 2013-10-14}
}

@misc{bankinfosecurity-pda-12,
  title = {{Preparing for DDoS Attacks}},
  publisher = {Bank Info Security},
  howpublished = {\url{http://www.bankinfosecurity.com/preparing-for-ddos-attacks-a-5322/op-1}},
  year = {2012},
  month = {November},
  note = {Retrieved 2013-08-09}
}

@misc{greensheet-bsa-13,
  title = {{Brobot strikes again}},
  publisher = {The Green Sheet},
  howpublished = {\url{http://www.greensheet.com/emagazine.php?story_id=3558}},
  year = {2013},
  month = {April},
  note = {Retrieved 2013-08-12}
}

@misc{f5-mdatb-13,
  title = {{Mitigating DDoS Attacks with F5 Technology}},
  publisher = {F5 Networks},
  howpublished = {\url{https://www.f5.com/pdf/white-papers/mitigating-ddos-attacks-tech-brief.pdf}},
  year = {2013},
  month = {January},
  note = {Retrieved 2013-08-14}
}

@misc{ripe-yhrnc-08,
  title = {{YouTube Hijacking: A RIPE NCC RIS case study}},
  publisher = {RIPE NCC},
  howpublished = {\url{http://www.ripe.net/internet-coordination/news/industry-developments/youtube-hijacking-a-ripe-ncc-ris-case-study}},
  year = {2008},
  month = {March},
  note = {Retrieved 2013-08-16}
}

@misc {pta-pdbiw-08,
  title = {{PTA's Directive to block Internet Website}},
  publisher = {Pakistan Telecommunication Authority},
  howpublished = {\url{http://www.pta.gov.pk/index.php?option=com_content&task=view&id=1093&Itemid=301}},
  year = {2008},
  month = {March},
  note = {Retrieved 2013-08-16}
}

@misc{bbc-pbyw-08,
 title = {{Pakistan blocks YouTube website}},
 publisher = {BBC},
 howpublished = {\url{http://news.bbc.co.uk/2/hi/south_asia/7261727.stm}},
 year = {2008},
 month = {February},
 note = {Retrieved 2013-08-16}
}

@misc{icann-dnhit-05,
 title = {{Domain name hijacking: incidents, threats, risks, and remedial actions}},
 publisher = {ICANN},
 howpublished = {\url{https://archive.icann.org/en/announcements/hijacking-report-12jul05.pdf}},
 year = {2005},
 month = {July},
 note = {Retrieved 2013-08-20}
}

@misc{s-phmli-11,
  author = {Spirin, Denis},
  title = {{Prefix hijacking by Michael Lindsay via Internap (msg 039379)}},
  publisher = {NANOG},
  howpublished = {\url{http://mailman.nanog.org/pipermail/nanog/2011-August/039379.html}},
  year = {2011},
  month = {August},
  day = {20},
  note = {Retrieved 2013-10-23}
}

@misc{s-phmli-11b,
  author = {Spirin, Denis},
  title = {{Prefix hijacking by Michael Lindsay via Internap (msg 039381)}},
  publisher = {NANOG},
  howpublished = {\url{http://mailman.nanog.org/pipermail/nanog/2011-August/039381.html}},
  year = {2011},
  month = {August},
  day = {20},
  note = {Retrieved 2013-10-23}
}

@misc{networkworld-dadip-09,
 title = {{DNS attack downs Internet in parts of China}},
 publisher = {Network World},
 howpublished = {\url{http://www.networkworld.com/news/2009/052109-dns-attack-downs-internet-in.html}},
 year = {2009},
 month = {May},
 note = {Retrieved 2013-08-20}
}

@misc{informationweek-bh7mf-12,
  title = {{Bank Hacks: 7 Misunderstood Facts}},
  publisher = {Information Week},
  howpublished = {\url{http://www.informationweek.com/security/attacks/bank-hacks-7-misunderstood-facts/240008566}},
  year = {2012},
  month = {October},
  note = {Retrieved 2013-08-21}
}

@misc{trendmicro-rfktl-09,
  title = {{The Real Face of KOOBFACE: The largest WEB 2.0 botnet explained}},
  publisher = {Trend Micro},
  howpublished = {\url{http://www.trendmicro.com/cloud-content/us/pdfs/security-intelligence/white-papers/wp_the-real-face-of-koobface.pdf}},
  year = {2009},
  month = {July},
  note = {Retrieved 2013-08-21}
}

@misc{symantec-wks-12,
  title = {{W32.Koobface - Symantec}},
  publisher = {Symantec},
  howpublished = {\url{http://www.symantec.com/security_response/writeup.jsp?docid=2008-080315-0217-99}},
  year = {2012},
  month = {August},
  note = {Retrieved 2013-08-22}
}

@misc{china-dfhis-09,
  title = {{4 detained for hacking Internet servers}},
  publisher = {Xinhua News Agency},
  howpublished = {\url{http://www.china.org.cn/china/news/2009-06/03/content_17878401.htm}},
  year = {2009},
  month = {June},
  note = {Retrieved 2013-08-22}
}

@misc{pcworld-cgbsr-09,
  title = {{China Game Boss Sniped Rivals, Took Down Internet}},
  publisher = {PCWorld},
  howpublished = {\url{http://www.pcworld.com/article/171018/article.html}},
  year = {2009},
  month = {August},
  note = {Retrieved 2013-08-22}
}

@misc{softpedia-dalfc-09,
  title = {{DDoS Attack Leaves Five Chinese Provinces Without Internet}},
  publisher = {Softpedia},
  howpublished = {\url{http://news.softpedia.com/news/DDoS-Attack-Leaves-Five-Chinese-Provinces-Without-Internet-112313.shtml}},
  year = {2009},
  month = {May},
  note = {Retrieved 2013-08-22}
}

@misc{chinatechnews-drhcs-09,
  title = {{DNSPod Reports Hacking To Chinese Public Security Organ}},
  publisher = {China Tech News},
  howpublished = {\url{http://www.chinatechnews.com/2009/05/22/9824-dnspod-reports-hacking-to-chinese-public-security-organ/}},
  year = {2009},
  month = {May},
  note = {Retrieved 2013-08-22}
}

@misc{joomla-schcn-12,
  title = {{/bluestork/index.php script is causing HIGH CPU... No idea?}},
  publisher = {The Joomla! Forum},
  howpublished = {\url{http://forum.joomla.org/viewtopic.php?f=619&t=740930}},
  year = {2012},
  month = {August},
  note = {Retrieved 2013-08-22}
}

@misc{l-gisba-13,
  author = {Lee, Dave},
  title={{Global internet slows after 'biggest attack in history'}},
  publisher = {BBC},
  howpublished = {\url{http://www.bbc.co.uk/news/technology-21954636}},
  year = {2013},
  month = {March},
  day = {27},
  note = {Retrieved 2013-09-12}
}

@misc{cloudflare-wgwot-12,
  title = {{Why Google Went Offline Today and a Bit about How the Internet Works}},
  publisher = {Cloudflare},
  howpublished = {\url{http://blog.cloudflare.com/why-google-went-offline-today-and-a-bit-about}},
  year = {2012},
  month = {November},
  note = {Retrieved 2013-08-27} 
}

@misc{symantec-hsdtt-12,
  title = {{Flamer: Highly Sophisticated and Discreet Threat Targets the Middle East}},
  publisher = {Symantec},
  howpublished = {\url{http://www.symantec.com/connect/blogs/flamer-highly-sophisticated-and-discreet-threat-targets-middle-east}},
  year = {2012},
  month = {July},
  note = {Retrieved 2013-08-28}
}

@techreport{s-amcf-12,
  author = {Sotirov, Alex},
  title = {{Analyzing the MD5 collision in Flame}},
  type = {presentation slides},
  institution = {Trail of Bits, Inc},
  howpublished = {\url{http://www.trailofbits.com/resources/flame-md5.pdf}},
  year = {2012},
  month = {June},
  note = {Retrieved 2013-08-28}
}
@misc{emc-rlwc-13,
  title = {{RSA Laboratories - 6.2.4 What is Clipper?}},
  publisher = {EMC Corporation},
  howpublished = {\url{http://www.emc.com/emc-plus/rsa-labs/standards-initiatives/clipper.htm}},
  note = {Retrieved 2013-08-29}
}

@misc{flickr-attsd-08,
  title = {{AT\&T TSD-3600E Telephone Security Device (Clipper Chip)}},
  publisher = {flickr},
  howpublished = {\url{http://www.flickr.com/photos/mattblaze/2275723713/}},
  note = {Retrieved 2013-08-29}
}

@misc{icann-nbstn-13,
  title = {{Notices of Breach, Suspension, Termination and Non-Renewal and Compliance Related Correspondences}},
  publisher = {ICANN},
  howpublished = {\url{http://www.icann.org/en/resources/compliance/notices}},
  note = {Retrieved 2013-08-29}
}

@misc{mit-saa-13,
  title = {{2013-05-16 SNMP amplification attack}},
  publisher = {MIT Information Services \& Technology Website},
  howpublished = {\url{http://kb.mit.edu/confluence/display/istcontrib/2013-05-16+SNMP+amplification+attack}},
  note = {Retrieved 2013-08-30}
}

@misc{spamhaus-sdvsy-11,
  title = {{SNMP DDoS Vector - Secure Your Network NOW!}},
  publisher = {Spamhaus},
  howpublished = {\url{http://www.spamhaus.org/news/article/678/}},
  year = {2011},
  month = {December},
  note = {Retrieved 2013-08-30}
}

@techreport{ca-cacsi-98,
  author = {CERT},
  title = {{CERT Advisory CA-1998-01 Smurf IP Denial-of-Service Attacks}},
  type = {Network Security Advisory},
  institution = {CERT},
  howpublished = {\url{http://www.cert.org/advisories/CA-1998-01.html}},
  year = {1998},
  month = {January},
  note = {Retrieved 2013-08-30}
}

@misc{blogspot-mmyos-09,
  title = {{Making Money with Your Own Stealthy Botnet - Part II}},
  publisher = {Blogspot},
  howpublished = {\url{http://technicalinfodotnet.blogspot.de/2009/06/making-money-with-your-own-stealthy_27.html}},
  year = {2009},
  month = {June},
  note = {Retrieved 2013-09-02}
}

@misc{nothink-srada-13,
  title = {{SNMP Reflected Amplification DDoS Attack}},
  publisher = {Nothink},
  howpublished = {\url{http://www.nothink.org/misc/snmp_reflected.php}},
  year = {2013},
  month = {February},
  note = {Retrieved 2013-09-02}
}

@misc{z-lnab-09,
  author = {Zmijewski,Earl},
  title = {{Longer is not always better}},
  howpublished = {\url{http://www.renesys.com/2009/02/longer-is-not-better/}},
  year = {2009},
  month = {February},
  day = {21},
  note = {Retrieved 2013-11-05}
}

@misc{bhw-rscio-97,
  author = {Barrett, Randy and Haar, Steve Vonder and Whitestone, Randy},
  title = {{Routing Snafu Causes Internet Outage}},
  publisher = {ZDNET Interactive Week Online},
  howpublished = {\url{http://web.archive.org/web/20000308213639/http://www.zdnet.com/zdnn/content/inwo/0425/inwo0009.html}},
  year = {1997},
  month = {April},
  day = {25},
  note = {Retrieved 2013-09-03}
}

@misc{b-7ea-97,
  author = {Bono, Vincent J.},
  title = {{7007 Explanation and Apology}},
  publisher = {NANOG},
  howpublished = {\url{http://www.nanog.org/mailinglist/mailarchives/old_archive/1997-04/msg00444.html}},
  year = {1997},
  month = {April},
  day = {26},
  note = {Retrieved 2013-09-03}
}

@misc{a-7fhm-97,
  author = {Freedman, Avi},
  title = {{7007: FROM THE HORSE'S MOUTH}},
  publisher = {NANOG},
  howpublished = {\url{http://www.nanog.org/mailinglist/mailarchives/old_archive/1997-04/msg00380.html}},
  year = {1997},
  month = {April},
  day = {25},
  note = {Retrieved 2013-09-03}
}

@misc{bhw-rssns-97,
  author = {Barrett, Randy and Haar, Steve Vonder and Whitestone, Randy},
  title = {{Routing Snafu Snips Net Service}},
  publisher = {ZDNET Interactive Week Online},
  howpublished = {\url{http://web.archive.org/web/20010112181900/http://www5.zdnet.com/zdnn/content/inwk/0413/inwk0032.html}},
  year = {1997},
  month = {April},
  day = {30},
  note = {Retrieved 2013-09-03}
}

@misc{p-mf-97,
  author = {Partan, Andrew },
  title = {{Re: MAI.net filters}},
  publisher = {NANOG},
  howpublished = {\url{http://www.nanog.org/mailinglist/mailarchives/old_archive/1997-04/msg00469.html}},
  year = {1997},
  month = {April},
  day = {25},
  note = {Retrieved 2013-09-03}
}

@misc{c-raprm-97,
  author = {Chandra, Ravi},
  title = {{Re: Andrew Partan: Re: MAI.net filters.}},
  publisher = {NANOG},
  howpublished = {\url{http://www.nanog.org/mailinglist/mailarchives/old_archive/1997-04/msg00480.html}},
  year = {1997},
  month = {April},
  day = {25},
  note = {Retrieved 2013-09-03}
}

@misc{m-nkso-13,
  author = {Madory, Doug},
  title = {{North Korea Suffers Outage}},
  publisher = {Renesys},
  howpublished = {\url{http://www.renesys.com/2013/03/north-korea-suffers-outage/}},
  year = {2013},
  month = {March},
  day = {15},
  note = {Retrieved 2013-09-04}
}

@misc{m-cek-13,
  author = {Madory, Doug},
  title = {{Cyber Escalation in Korea?}},
  publisher = {Renesys},
  howpublished = {\url{http://www.renesys.com/2013/03/more-outages-in-koreas/}},
  year = {2013},
  month = {March},
  day = {20},
  note = {Retrieved 2013-09-05}
}

@misc{w-nkir3-13,
  author = {Williams, Martyn},
  title = {{North Korea's Internet returns after 36-hour outage}},
  publisher = {Computerworld},
  howpublished = {\url{http://www.computerworld.com/s/article/9237652/North_Korea_39_s_Internet_returns_after_36_hour_outage}},
  year = {2013},
  month = {March},
  day = {15},
  note = {Retrieved 2013-09-04}
}

@misc{c-cihyc-12,
  author = {Cowie, Jim},
  title = {{Could It Happen In Your Country?}},
  publisher = {Renesys},
  howpublished = {\url{http://www.renesys.com/2012/11/could-it-happen-in-your-countr/}},
  year = {2012},
  month = {November},
  day = {30},
  note = {Retrieved 2013-09-05}
}

@misc{hm-ssgi-12,
  author = {Huston, Geoff and Michaelson, George},
  title = {{Superstorm Sandy and the Global Internet}},
  publisher = {Geoff Huston - potaroo.net},
  howpublished = {\url{http://www.potaroo.net/ispcol/2012-11/sandy.html}},
  year = {2012},
  month = {November},
  note = {Retrieved 2013-09-05}
}

@misc{m-hsii-12,
  author = {Madory, Doug},
  title = {{Hurricane Sandy: Initial Impact}},
  publisher = {Renesys},
  howpublished = {\url{http://www.renesys.com/2012/10/hurricane-sandy-initial-impact/}},
  year = {2012},
  month = {October},
  day = {30},
  note = {Retrieved 2013-09-05}
}

@misc{r-1nrb-13,
  author = {Renesys},
  title = {{111 networks restored in Brazil}},
  publisher = {Renesys},
  howpublished = {\url{http://b2b.renesys.com/eventsbulletin/2013/06/BR-1370121840.html}},
  year = {2013},
  month = {June},
  day = {2},
  note = {Retrieved 2013-09-05}
}


@misc{r-2nrb-13,
  author = {Renesys},
  title = {{29 networks restored in Brazil}},
  publisher = {Renesys},
  howpublished = {\url{http://b2b.renesys.com/eventsbulletin/2013/07/BR-1373646150.html}},
  year = {2013},
  month = {July},
  day = {12},
  note = {Retrieved 2013-09-05}
}

@misc{m-hsgi-12,
  author = {Madory, Doug},
  title = {{Hurricane Sandy: Global Impacts}},
  publisher = {Renesys},
  howpublished = {\url{http://www.renesys.com/2012/11/sandys-global-impacts/}},
  year = {2012},
  month = {November},
  day = {7}
}

@misc{r-4nob-13,
  author = {Renesys},
  title = {{40 networks out in Brazil}},
  publisher = {Renesys},
  howpublished = {\url{http://b2b.renesys.com/eventsbulletin/2013/07/BR-1373646150.html}},
  year = {2013},
  month = {July},
  day = {23},
  note = {Retrieved 2013-09-05}
}

@misc{gcdpp-psssi-13,
  author = {Golding, Daniel and Crowley, Neil and Davis, Scott A. and Parks, Michael J. and Poleshuk, Michael},
  title = {{Panel: Super Storm Sandy: Infrastructure Impacts}},
  publisher = {NANOG},
  howpublished = {\url{http://www.nanog.org/meetings/nanog57/presentations/Monday/mon.panel.Golding.Superstorm.12.pdf}},
  year = {2013},
  month = {February},
  day = {4},
  note = {Retrieved 2013-09-06}
}

@misc{caghm-piihs-13,
  author = {Cowie, Jim and Aben, Emile and Gilmore, Patrick and Heidemann, John and Madory, Doug},
  title = {{Panel: Internet Impacts of Hurricane Sandy}},
  publisher = {NANOG},
  howpublished = {\url{http://www.nanog.org/meetings/nanog57/presentations/Tuesday/tues.general.cowie.impacts_of_sandy.pdf}},
  year = {2013},
  month = {February},
  day = {5},
  note = {Retrieved 2013-09-06}
}

@misc{a-hssra-13,
  author = {Aben, Emile},
  title = {{Hurricane Sandy, as seen by RIPE Atlas (Video)}},
  publisher = {NANOG},
  howpublished = {\url{http://www.nanog.org/meetings/nanog57/presentations/Tuesday/tue.internet-sandy.panel.wmv}},
  year = {2013},
  month = {February},
  day = {5},
  note = {Retrieved 2013-09-06}
}

@misc{akbhd-llmis-13,
  author = {Aben, Emile and King, Alistair and Benson, Karyn and Hyun, Young S. Hyun and Dainotti, Alberto and Claffy, Kimberly},
  title = {{Lessons Learned by ``Measuring'' the Internet During/After the Sandy Storm}},
  howpublished = {\url{http://www.caida.org/publications/presentations/2013/lessons_learned_measuring_sandy_fcc/lessons_learned_measuring_sandy_fcc.pdf}},
  year = {2013},
  month = {February},
  day = {6},
  note = {Retrieved 2013-09-09}
}

@misc{akbhd-llmis-13b,
  author = {Aben, Emile and King, Alistair and Benson, Karyn and Hyun, Young S. Hyun and Dainotti, Alberto and Claffy, Kimberly},
  title = {{Lessons Learned by ``Measuring'' the Internet During/After the Sandy Storm (Video)}},
  howpublished = {\url{http://www.youtube.com/watch?v=2BmmpBbaoYQ}},
  year = {2013},
  month = {February},
  day = {6},
  note = {Retrieved 2013-09-09}
}

@misc{k-dhmp-13,
  author = {Kell, Jeff},
  title = {{Dreamhost hijacking my prefix...}},
  howpublished = {\url{http://mailman.nanog.org/pipermail/nanog/2013-January/054839.html}},
  year = {2013},
  month = {January},
  day = {11},
  note = {Retrieved 2013-09-11}
}

@misc{t-dhmp-13,
  author = {Toonk, Andree},
  title = {{Dreamhost hijacking my prefix...}},
  howpublished = {\url{http://mailman.nanog.org/pipermail/nanog/2013-January/054846.html}},
  year = {2013},
  month = {January},
  day = {11},
  note = {Retrieved 2013-09-11}
}

@misc{t-dhmp-13b,
  author = {Toonk, Andree},
  title = {{Dreamhost hijacking my prefix...}},
  howpublished = {\url{http://mailman.nanog.org/pipermail/nanog/2013-January/054852.html}},
  year = {2013},
  month = {January},
  day = {11},
  note = {Retrieved 2013-09-11}
}
@misc{s-dhmp-13,
  author = {Snijders, Job},
  title = {{Dreamhost hijacking my prefix...}},
  howpublished = {\url{http://mailman.nanog.org/pipermail/nanog/2013-January/054854.html}},
  year = {2013},
  month = {January},
  day = {11},
  note = {Retrieved 2013-09-11}
}

@misc{b-oche-13,
  author = {BGPmon},
  title = {{OriginAS change / Hijack event 2013-01-11 by AS26347}},
  howpublished = {\url{http://portal.bgpmon.net/data/hijack20130111.txt}},
  year = {2013},
  month = {January},
  day = {11},
  note = {Retrieved 2013-09-11}
}

@misc{mp-fassf-13,
  author = {Markoff, John and Perlroth, Nicole },
  title = {{Firm Is Accused of Sending Spam, and Fight Jams Internet}},
  howpublished = {\url{http://www.nytimes.com/2013/03/27/technology/internet/online-dispute-becomes-internet-snarling-attack.html}},
  publisher = {The New York Times},
  year = {2013},
  month = {March},
  day = {26},
  note = {Retrieved 2013-09-12}
}

@misc{t-lsdbp-13,
  author = {Toonk, Andree},
  title = {{Looking at the spamhaus DDOS from a BGP perspective}},
  howpublished = {\url{http://www.bgpmon.net/looking-at-the-spamhouse-ddos-from-a-bgp-perspective/}},
  publisher = {BGPMON},
  year = {2013},
  month = {March},
  day = {30},
  note = {Retrieved 2013-09-12}
}

@misc{v-snsth-13,
  author = {Van Santen, Mart},
  title = {{Spam? Not Spam? Tracking a hijacked Spamhaus IP}},
  howpublished = {\url{https://greenhost.nl/2013/03/21/spam-not-spam-tracking-hijacked-spamhaus-ip/}},
  publisher = {Greenhost},
  year = {2013},
  month = {March},
  day = {21},
  note = {Retrieved 2013-09-12}
}

@misc{h-cds-13,
  author = {Hanford, Seth},
  title = {{Chronology of a DDoS: SpamHaus}},
  howpublished = {\url{http://blogs.cisco.com/security/chronology-of-a-ddos-spamhaus/}},
  publisher = {Cisco},
  year = {2013},
  month = {March},
  day = {28},
  note = {Retrieved 2013-09-12}
}

@misc{s-cshsr-13,
  author = {Snijders, Job},
  title = {{CB3ROB/SPAMHOUSE HIJACK AS SEEN FROM RIPE RIS Route Collector 3 (AMSTERDAM)}},
  howpublished = {\url{http://instituut.net/~job/cb3rob-spamhaus-hijack-21-mar-2013.txt}},
  year = {2013},
  month = {March},
  day = {21},
  note = {Retrieved 2013-09-12}
}

@misc{v-ushbd-13,
  author = {Vijayan, Jaikumar},
  title = {{Update: Spamhaus hit by biggest-ever DDoS attacks}},
  howpublished = {\url{http://www.computerworld.com/s/article/9237938/Update_Spamhaus_hit_by_biggest_ever_DDoS_attacks}},
  year = {2013},
  month = {March},
  day = {27},
  note = {Retrieved 2013-09-12}
}

@misc{p-dksoh-13,
  author = {Prince, Matthew},
  title = {{The DDoS That Knocked Spamhaus Offline (And How We Mitigated It)}},
  howpublished = {\url{http://blog.cloudflare.com/the-ddos-that-knocked-spamhaus-offline-and-ho}},
  year = {2013},
  month = {March},
  day = {20},
  note = {Retrieved 2013-09-12}
}

@misc{r-scda-13,
  author = {Rossini, Luc},
  title = {{Twitter / LucRossini: Spamhaus is currently under ...}},
  howpublished = {\url{https://twitter.com/LucRossini/status/313394569435807745}},
  year = {2013},
  month = {March},
  day = {17},
  note = {Retrieved 2013-10-14}
}

@misc{d-anac-10,
  author = {Drummond, David},
  title = {{A new approach to China}},
  howpublished = {\url{http://googleblog.blogspot.de/2010/01/new-approach-to-china.html}},
  year = {2010},
  month = {January},
  day = {12},
  note = {Retrieved 2013-09-13}
}

@misc{m-oa-10,
  author = {mcafee.com},
  title = {{Operation Aurora}},
  howpublished = {\url{http://www.mcafee.com/us/threat-center/operation-aurora.aspx}},
  year = {2010},
  note = {Retrieved 2013-09-13}
}

@misc{wiki-cbl-12,
   author = {Wikipedia},
   title = {{Composite Blocking List}},
   year = {2012},
   month = {July},
   day = {17},
   howpublished = {\url{http://en.wikipedia.org/w/index.php?title=Composite_Blocking_List&oldid=502845280}},
   note = {Retrieved  2013-09-13}
}

@misc{cisco-uurpf-13,
  author = {cisco},
  title = {{Understanding Unicast Reverse Path Forwarding}},
  howpublished = {\url{http://www.cisco.com/web/about/security/intelligence/unicast-rpf.html}},
  note = {Retrieved 2013-09-13}
}

@misc{g-hiitd-12,
  author = {Gallagher, Sean},
  title = {{How an Indonesian ISP took down the mighty Google for 30 minutes}},
  howpublished = {\url{http://arstechnica.com/information-technology/2012/11/how-an-indonesian-isp-took-down-the-mighty-google-for-30-minutes/}},
  year = {2012},
  month = {November},
  day = {6},
  note = {Retrieved 2013-09-16}
}

@misc{bgmjg-iimag-12,
  author = {Bhatia, Anurag and Gu, Jian and Morrow, Christopher and Jones, Andrew and Gilmore, Patrick W. and Bartsch, Ben},
  title = {{Indonesian ISP Moratel announces Google's prefixes (NANOG discussion)}},
  howpublished = {\url{http://mailman.nanog.org/pipermail/nanog/2012-November/thread.html#53122}},
  year = {2012},
  month = {November},
  day = {6},
  note = {Retrieved 2013-09-16}
}

@misc{mb-iacbl-05,
  author = {Markoff, John and Bergman, Lowell},
  title = {{Internet Attack Called Broad and Long Lasting by Investigators}},
  howpublished = {\url{http://www.nytimes.com/2005/05/10/technology/10cisco.html}},
  year = {2005},
  month = {May},
  day = {5},
  note = {Retrieved 2013-09-17}
}

@misc{l-cscss-09,
  author = {Leyden, John},
  title = {{Cisco source code swipe suspect charged}},
  howpublished = {\url{http://www.theregister.co.uk/Print/2009/05/06/cisco_source_code_hack_charges/}},
  year = {2009},
  month = {May},
  day = {6},
  note = {Retrieved 2013-09-17}
}

@misc{k-sinc-09,
  author = {Kravets, David},
  title = {{Swede Indicted for NASA, Cisco Hacks}},
  howpublished = {\url{http://www.wired.com/threatlevel/2009/05/swede-indicted-for-nasa-cisco-hacks}},
  year = {2009},
  month = {May},
  day = {5},
  note = {Retrieved 2013-09-17}
}

@misc{r-iuspg-09,
  author = {Russoniello, Joseph P.},
  title = {{Indictment: United States v. Phillip Gabriel Petterson}},
  howpublished = {\url{http://www.wired.com/images_blogs/threatlevel/2009/05/petterssonindictment.pdf}},
  year = {2009},
  month = {May},
  day = {5},
  note = {Retrieved 2013-09-17}
}

@misc{p-shrhl-07,
  author = {Puschitz, Werner},
  title = {{Securing and Hardening Red Hat Linux Production Systems}},
  howpublished = {\url{http://www.puschitz.com/SecuringLinux.shtml}},
  year = {2007},
  note = {Retrieved 2013-09-18}
}

@misc{a-totod-12,
  author = {Assolini, Fabio},
  title = {{The tale of one thousand and one DSL modems}},
  howpublished = {\url{http://www.securelist.com/en/blog/208193852/The_tale_of_one_thousand_and_one_DSL_modems}},
  year = {2012},
  month = {October},
  day = {1},
  note = {Retrieved 2013-09-18}
}

@misc{a-totod-12b,
  author = {Assolini, Fabio},
  title = {{The tale of one thousand and one DSL modems}},
  howpublished = {\url{http://www.virusbtn.com/conference/vb2012/programme/index}},
  year = {2012},
  month = {September},
  day = {27},
  note = {Retrieved 2013-11-27}
}

@misc{a-ztf-09,
  author = {abuse.ch},
  title = {{ZeuS Tracker::FAQ}}, 
  howpublished = {\url{https://zeustracker.abuse.ch/faq.php}},
  year =  {2009},
  month = {July},
  day = {20},
  note = {Retrieved 2013-09-19}
}

@misc{s-lpgz-12,
  author = {Stone-Gross, Brett},
  title = {{The Lifecycle of Peer-to-Peer (Gameover) ZeuS}},
  howpublished = {\url{http://www.secureworks.com/cyber-threat-intelligence/threats/The_Lifecycle_of_Peer_to_Peer_Gameover_ZeuS/}},
  year = {2012},
  month = {July},
  day = {23},
  note = {Retrieved 2013-09-19}
}

@misc{r-zt-12,
  author = {Rouse, Margaret},
  title = {{Zeus Trojan (Zbot)}},
  howpublished = {\url{http://searchsecurity.techtarget.com/definition/Zeus-Trojan-Zbot}},
  year = {2012},
  month = {May},
  note = {Retrieved 2013-09-19}
}

@misc{nf-tz-13,
  author = {Nahorney, Ben and Falliere, Nicolas},
  title = {{Trojan.Zbot}},
  howpublished = {\url{http://www.symantec.com/security_response/writeup.jsp?docid=2010-011016-3514-99}},
  year = {2013},
  month = {September},
  day = {2},
  note = {Retrieved 2013-09-19} 
}

@misc{a-zgmsu-11,
  author = {abuse.ch},
  title = {{ZeuS Gets More Sophisticated Using P2P Techniques}},
  howpublished = {\url{http://www.abuse.ch/?p=3499}},
  year = {2011},
  month = {October},
  day = {10},
  note = {Retrieved 2013-09-19}
}

@misc{m-zbtsgt-10,
  author = {Messmer, Ellen},
  title = {{ZeuS-style banking Trojans seen as greatest threat to online banking: Survey}},
  howpublished = {\url{http://www.networkworld.com/news/2010/120810-trojan-bank.html}},
  year = {2010},
  month = {December},
  day = {8},
  note = {Retrieved 2013-09-19}
}

@misc{sj-zbtr-10,
  author = {Stevens, Kevin and Jackson, Don},
  title = {{ZeuS Banking Trojan Report}},
  howpublished  = {\url{http://www.secureworks.com/cyber-threat-intelligence/threats/zeus/?threat=zeus}},
  year = {2010},
  month = {March},
  day = {11},
  note = {Retrieved 2013-09-19}
}

@techreport{p-obss-10,
  author = {phonefactor.com},
  title = {{2010 Online Banking Security Survey}},
  type = {Security Survey},
  institution = {PhoneFactor, Inc.},
  howpublished = {\url{http://media.scmagazineus.com/documents/20/onlinebankingsecuritysurvey201_4778.pdf}},
  year = {2010},
  note = {Retrieved 2013-09-19}
}

@misc{s-zbmsf-13,
  author = {Schwartz, Mathew J.},
  title = {{Zeus Bank Malware Surges On Facebook}},
  howpublished = {\url{http://www.informationweek.com/security/attacks/zeus-bank-malware-surges-on-facebook/240156156}},
  year = {2013},
  month = {June},
  note = {Retrieved 2013-09-19}
}

@misc{g-klrrh-11,
  author = {Goodin, Dan},
  title  = {{Kernel.org Linux repository rooted in hack attack}},
  howpublished = {\url{http://www.theregister.co.uk/2011/08/31/linux_kernel_security_breach/}},
  year = {2011},
  month = {August},
  day = {31},
  note = {Retrieved 2013-09-26}
}

@misc{j-mbb-11,
  author = {Hawley, John},
  title = {{[kernel.org users] [KORG] Master back-end break-in}},
  howpublished = {\url{http://pastebin.com/BKcmMd47}},
  year = {2011},
  month = {August},
  day = {29},
  note = {Retrieved 2013-09-26}
}

@misc{c-ck-11,
  author = {Corbet, Jonathan},
  title = {{The Cracking of Kernel.org}},
  howpublished = {\url{http://www.linux.com/news/featured-blogs/171-jonathan-corbet/491001-the-cracking-of-kernelorg}},
  year = {2011},
  month = {August},
  day = {31},
  note = {Retrieved 2013-09-26}
}

@misc{c-kr-11,
  author = {Corbet, Jonathan},
  title = {{KS2011: Kernel.org report (2011 Kernel Summit)}},
  howpublished = {\url{http://lwn.net/Articles/464233/}},
  year = {2011},
  month = {October},
  day = {24},
  note = {Retrieved 2013-09-26}
}

@misc{s-mida-11,
  author = {Sha, Rakesh},
  title = {{Mitigating Intelligent DDoS Attacks}},
  howpublished = {\url{http://www.datacenterknowledge.com/archives/2011/10/11/mitigating-intelligent-ddos-attacks/}},
  year = {2011},
  month = {October},
  day = {11},
  note = {Retrieved 2013-09-26}
}

@misc{m-ibs-13,
  author = {Madory, Doug},
  title = {{Internet Blackout in Sudan}},
  howpublished = {\url{http://www.renesys.com/2013/09/internet-blackout-sudan/}},
  year = {2013},
  month = {September},
  day = {25},
  note = {Retrieved 2013-09-27}
}

@misc{f-ssiod-13,
  author = {Fitzgerald, Drew},
  title = {{Sudan Suffers Internet Outage During Riots}},
  howpublished = {\url{http://blogs.wsj.com/digits/2013/09/25/sudan-suffers-internet-outage-during-riots/}},
  year = {2013},
  month = {September},
  day = {25},
  note = {Retrieved 2013-09-27}
}

@misc{s-sicpe-13,
  author = {sudaneseonline.org},
  title = {{Sudan internet cut off as protests erupt against government in Khartoum}},
  howpublished = {\url{http://sudaneseonline.org/cs/blogs/english/archive/2013/09/26/sudan-internet-cut-off-as-protests-erupt-against-government-in-khartoum.aspx}},
  year = {2013},
  month = {September},
  day = {26},
  note = {Retrieved 2013-09-27}
}

@misc{s-ssdin-13,
  author = {sudaneseonline.org},
  title = {{Sudan Shut Down Internet for next 48 hours as fears mount of new post-Friday prayers protests}},
  howpublished = {\url{http://sudaneseonline.org/cs/blogs/english/archive/2013/09/27/sudan-shut-down-internet-for-next-48-hours-as-fears-mount-of-new-post-friday-prayers-protests.aspx}},
  year = {2013},
  month = {September},
  day = {27},
  note = {Retrieved 2013-09-27}
}

@misc{a-sdi-13,
  author = {arbornetworks.com},
  title = {{Sudan drops off the Internet}},
  howpublished = {\url{http://www.arbornetworks.com/corporate/blog/5000-sudan-drops-off-the-internet}},
  year = {2013},
  month = {September},
  day = {25},
  note = {Retrieved 2013-09-27}
}

@misc{a-sidca-13,
  author = {akamai},
  title = {{Sudan Internet disruption causes Akamai traffic..}},
  howpublished = {\url{https://twitter.com/akamai_soti/status/382872513761398785}},
  year = {2013},
  month = {September},
  day = {25},
  note = {Retrieved 2013-09-27}
}

@misc{r-1nos-13,
  author = {Renesys},
  title = {{196 networks out in Sudan}},
  howpublished = {\url{http://b2b.renesys.com/eventsbulletin/2013/09/SD-1380104610.html}},
  year = {2013},
  month = {September},
  day = {25},
  note = {Retrieved 2013-09-27}
}

@misc{r-1nos-13b,
  author = {Renesys},
  title = {{1300 networks out in Sudan}},
  howpublished = {\url{http://b2b.renesys.com/eventsbulletin/2013/09/SD-1380113220.html}},
  year = {2013},
  month = {September},
  day = {25},
  note = {Retrieved 2013-09-27}
}

@misc{r-wcshc-13,
  author = {Renesys},
  title = {{We confirm Sudan has cut itself off from global Internet..}},
  howpublished = {\url{https://twitter.com/renesys/status/382863173419679744}},
  year = {2013},
  month = {September},
  day = {25},
  note = {Retrieved 2013-09-27}
}

@misc{a-isbo-12,
  author = {Anonymous},
  title = {{The Internet Strikes Back \#OpMegaupload}},
  howpublished = {\url{https://plus.google.com/117604887745850959716/posts/jDEhMYj4QKV}},
  year = {2012},
  month = {January},
  day = {20},
  note = {Retrieved 2013-09-27}
}

@misc{c-calyc-12,
  author = {Cluley, Graham},
  title = {{Click on an Anonymous link, and you could be DDoS'ing the US government}},
  howpublished = {\url{http://nakedsecurity.sophos.com/2012/01/20/anonymous-opmegaupload-ddos-attack/}},
  year = {2012},
  month = {January},
  day = {20},
  note = {Retrieved 2013-09-27}
}

@misc{v-hatdd-12,
  author = {Vaughan-Nichols, Steven J.},
  title = {{How Anonymous took down the DoJ, RIAA, MPAA and Universal Music Websites}},
  howpublished = {\url{http://www.zdnet.com/blog/networking/how-anonymous-took-down-the-doj-riaa-mpaa-and-universal-music-websites/1932}},
  year = {2012},
  month = {January},
  day = {20},
  note = {Retrieved 2013-09-27}
}

@misc{p-ss-11,
  author = {Pike, John},
  title = {{Solar Sunrise}},
  howpublished = {\url{http://www.globalsecurity.org/military/ops/solar-sunrise.htm}},
  year = {2011},
  month = {July},
  day = {5},
  note = {Retrieved 2013-09-30}
}

@misc{p-jrmtl-00,
  author = {Power, Richard},
  title = {{Joy Riders: Mischief That Leads to Mayhem}},
  howpublished = {\url{http://www.informit.com/articles/article.aspx?p=19603}},
  year = {2000},
  month = {October},
  day = {30},
  note = {Retrieved 2013-09-30}
}

@misc{m-ss-08,
  author = {mdscott},
  title = {{Solar Sunrise}},
  howpublished = {\url{http://itlaw.wikia.com/wiki/Solar_Sunrise}},
  year = {2008},
  note = {Retrieved 2013-09-30}
}

@misc{p-sshae-01,
  author = {Poulsen, Kevin},
  title = {{Solar Sunrise hacker ‘Analyzer’ escapes jail}},
  howpublished = {\url{http://www.theregister.co.uk/2001/06/15/solar_sunrise_hacker_analyzer_escapes/}},
  year = {2001},
  month = {June},
  day = {15},
  note = {Retrieved 2013-09-30}
}

@misc{dc-hhwc-99,
  author = {Donnelly, John and Crawley, Vince},
  title = {{Hamre To Hill: 'We're In A Cyberwar' }},
  howpublished = {\url{http://web.archive.org/web/20110225135339/http://jya.com/dod-cyberwar.htm}},
  year = {1999},
  month = {March},
  day = {1},
  note = {Retrieved 2013-09-30}
}

@misc{p-vssbf-08,
  author = {Poulsen, Kevin},
  title = {{Video: Solar Sunrise, the Best FBI-Produced Hacker Flick Ever}},
  howpublished = {\url{http://www.wired.com/threatlevel/2008/09/video-solar-sun/}},
  year = {2008},
  month = {September},
  day = {23},
  note = {Retrieved 2013-09-30}
}

@misc{z-ihash-08,
  author = {Zetter, Kim},
  title = {{Israeli Hacker ‘The Analyzer’ Suspected of Hacking Again}},
  howpublished = {\url{http://www.wired.com/threatlevel/2008/09/the-analyzer-su/}},
  year = {2008},
  month = {September},
  day = {9},
  note = {Retrieved 2013-09-30}
}

@misc{wn-pp-07,
  author = {Wang, Stephanie and Nagaraja, Shishir},
  title = {{Pulling the Plug}},
  howpublished = {\url{https://opennet.net/research/bulletins/013}},
  year = {2007},
  month = {October},
  day = {22},
  note = {Retrieved 2013-10-01}
}

@misc{b-sr-10,
  author = {burma-center.org},
  title = {{The "Saffron Revolution"}},
  howpublished = {\url{http://www.burma-center.org/en/burma/history/saffron-revolution/}},
  year = {2010},
  month = {January},
  note = {Retrieved 2013-10-01}
}

@article{c-ribsr-08,
  author = {Chowdhury, Mridul},
  title = {{The Role of the Internet in Burma’s Saffron Revolution}},
  howpublished = {\url{http://papers.ssrn.com/sol3/papers.cfm?abstract_id=1537703}},
  journal = {Berkman Center Research Publication},
  number = {2008-8},
  year = {2008},
  month = {September},
  day = {1}
}

@misc{m-acimh-10,
  author = {McMillan, Robert},
  title = {{A Chinese ISP Momentarily Hijacks the Internet}},
  howpublished = {\url{http://www.nytimes.com/external/idg/2010/04/08/08idg-a-chinese-isp-momentarily-hijacks-the-internet-33717.html}},
  year = {2010},
  month = {April},
  day = {8},
  note = {Retrieved 2013-10-09}
}

@misc{a-hcs1n-10,
  author = {Anderson, Nate},
  title = {{How China swallowed 15\% of ‘Net traffic for 18 minutes}},
  howpublished = {\url{http://arstechnica.com/security/2010/11/how-china-swallowed-15-of-net-traffic-for-18-minutes/}},
  year = {2010},
  month = {November},
  day = {17},
  note = {Retrieved 2013-10-09}
}

@misc{c-c1m-10,
  author = {Cowie, Jim},
  title = {{China’s 18-Minute Mystery}},
  howpublished = {\url{http://www.renesys.com/2010/11/chinas-18-minute-mystery/}},
  year = {2010},
  month = {November},
  day = {18},
  note = {Retrieved 2013-10-01}
}

@misc{r-itugw-10,
  author = {Rhett Miller, Joshua},
  title = {{Internet Traffic from U.S. Government Websites Was Redirected Via Chinese Networks}},
  howpublished = {\url{http://www.foxnews.com/politics/2010/11/16/internet-traffic-reportedly-routed-chinese-servers/}},
  year = {2010},
  month = {November},
  day = {16},
  note = {Retrieved 2013-10-09}
}

@misc{h-ch1ut-10,
  author = {Hussey, Tris},
  title = {{China Hijacked 15\% of US Internet Traffic-and no one noticed}},
  howpublished = {\url{http://thenextweb.com/apps/2010/11/16/china-hijacked-15-of-us-internet-traffic-and-no-one-noticed/}},
  year = {2010},
  month = {November},
  day = {16},
  note = {Retrieved 2013-10-09}
}

@misc{n-cmima-10,
  author = {Neumann, Linus},
  title = {{China: Man-in-the-middle-Angriff auf die ganze Welt?}},
  howpublished = {\url{https://netzpolitik.org/2010/china-man-in-the-middle-angriff-auf-die-ganze-welt/}},
  year = {2010},
  month = {November},
  day = {16},
  note = {Retrieved 2013-10-09}
}

@misc{m-cehpt-10,
  author = {Magnuson, Stew},
  title = {{Cyber Experts Have Proof That China Has Hijacked U.S.-Based Internet Traffic: UPDATED}},
  howpublished = {\url{http://www.nationaldefensemagazine.org/blog/Lists/Posts/Post.aspx?ID=249}},
  year = {2010},
  month = {November},
  day = {12},
  note = {Retrieved 2013-10-09}
}


@misc{t-cihi-10,
  author = {Toonk, Andree},
  title = {{Chinese ISP hijacks the Internet}},
  howpublished = {\url{http://bgpmon.net/?p=282}},
  year = {2010},
  month = {April},
  day = {8},
  note = {Retrieved 2013-10-08}
}


@inproceedings{hcg-clrac-13,
  author = {Hiran, Rahul and Carlsson, Niklas and Gill, Phillipa},
  title = {{Characterizing Large-scale Routing Anomalies: A Case Study of the China Telecom Incident}},
  booktitle = {Passive and Active Measurement},
  pages = {229--238},
  year = {2013},
  organization = {Springer}
}

@misc{r-cnaah-11,
  author = {Rayburn, Dan},
  title = {{CDN News: Akamai and Amazon Have Outages, Limelight Misses Earnings, XO Settles With Level 3 (2011)}},
  howpublished = {\url{http://blog.streamingmedia.com/2011/08/cdn-news-wrap-up-akamai-has-an-outage-limelight-misses-earnings-xo-settles-with-level-3.html}},
  year = {2011},
  month = {August},
  day = {9},
  note = {Retrieved 2013-10-02}
}

@misc{t-cpobr-13,
  author = {Tung, Liam},
  title = {{CloudFlare pins outage on bad rule for Juniper routers}},
  howpublished = {\url{http://www.zdnet.com/cloudflare-pins-outage-on-bad-rule-for-juniper-routers-7000012084/}},
  year = {2013},
  month = {March},
  day = {4},
  note = {Retrieved 2013-10-02}
}

@misc{p-topm-13,
  author = {Prince, Matthew},
  title = {{Today's Outage Post Mortem}},
  howpublished = {\url{http://blog.cloudflare.com/todays-outage-post-mortem-82515}},
  year = {2013},
  month = {March},
  day = {3},
  note = {Retrieved 2013-10-02}
}

@misc{p-ggdtw-12,
  author = {Protalinski, Emil},
  title = {{GitHub goes down on Tuesday and Wednesday, hit by major service outage due to DDoS on Thursday}},
  howpublished = {\url{http://thenextweb.com/insider/2012/10/18/github-goes-down-on-tuesday-and-wednesday-hit-by-major-service-outage-due-to-ddos-on-thursday/}},
  year = {2012},
  month = {October},
  day = {18},
  note = {Retrieved 2013-10-02}
}

@misc{g-weidd-12,
  author = {github},
  title = {{We are experiencing issues due to a DDOS attack, working hard to restore service...}},
  year = {2012},
  month = {October},
  day = {18},
  note = {Retrieved 2013-10-02}
}

@misc{n-osrft-11,
  author = {Nusca, Andrew},
  title = {{Operation Shady RAT: Five things to know}},
  year = {2011},
  month = {August},
  day = {3},
  note = {Retrieved 2013-10-02}
}

@techreport{a-rosr-1,
  author = {Alperovitch, Dmitri},
  title = {{Revealed: Operation Shady RAT}},
  type = {White Paper},
  institution = {McAfee},
  howpublished = {\url{http://www.mcafee.com/us/resources/white-papers/wp-operation-shady-rat.pdf}},
  year = {2011},
  note = {Retrieved 2013-10-09}
}

@misc{s-ncahs-09,
  author = {Sudworth, John},
  title = {{New 'cyber attacks' hit S Korea}},
  howpublished = {\url{http://news.bbc.co.uk/2/hi/asia-pacific/8142282.stm}},
  year = {2009},
  month = {July},
  day = {9},
  note = {Retrieved 2013-10-09}
}

@misc{d-cwdde-13,
  author = {Dillet, Romain},
  title = {{CloudFlare Was Down Due To Edge Routers Crashing, Taking Down 785,000 Websites Including 4chan, Wikileaks, Metallica.com}},
  howpublished = {\url{http://techcrunch.com/2013/03/03/cloudflare-is-down-due-to-dns-outage-taking-down-785000-websites-including-4chan-wikileaks-metallica-com/}},
  year = {2013},
  month = {March},
  day = {3},
  note = {Retrieved 2013-10-10}
}

@misc{h-ccaje-13,
  author = {Henderson, Nicole},
  title = {{CloudFlare Crashes After Juniper Edge Routers Fail}},
  howpublished = {\url{http://www.thewhir.com/web-hosting-news/cloudflare-crashes-after-juniper-edge-routers-fail}},
  year = {2013},
  month = {March},
  day = {4},
  note = {Retrieved 2013-10-10}
}

@misc{m-cdatd-11,
  author = {Mills, Elinor},
  title = {{China-related DoS attack takes down Codero-hosted Web sites}},
  howpublished = {\url{http://news.cnet.com/8301-27080_3-20040625-245.html}},
  year = {2011},
  month = {March},
  day = {8},
  note = {Retrieved 2013-10-10}
}

@misc{e-ydarc-11,
  author = {Ewert, Jonathan},
  title = {{Yesterday’s DoS Attack – Response from CEO}},
  howpublished = {\url{http://www.codero.com/blog/yesterdays-dos-attack-response-from-ceo/}},
  year = {2011},
  month = {March},
  day = {9},
  note = {Retrieved 2013-10-10}
}
  
@misc{e-u3da-11,
  author = {Elledge, Ryan},
  title = {{Update on 3/8/2011 DDoS Attack}},
  howpublished = {\url{http://www.codero.com/blog/update-on-ddos-attack/}},
  year = {2011},
  month = {March},
  day = {10},
  note = {Retrieved 2013-10-10}
}

@misc{c-tcocp-11,
  author = {Codero},
  title = {{Twitter / Codero: Our chat and phone lines ...}},
  howpublished = {\url{https://twitter.com/Codero/status/45133702166085632}},
  year = {2011},
  month = {March},
  day = {8},
  note = {Retrieved 2013-10-14}
}

@misc{n-irad-12,
  author = {Neagu, Magda},
  title = {{Incident report on the Asia-Pacific datacenter}},
  howpublished = {\url{http://www.businesscatalyst.com/bc-blog/incident_report_on_asian_pacific_datacenter}},
  year = {2012},
  month = {April},
  day = {5},
  note = {Retrieved 2013-10-11}
}

@misc{n-adcor-12,
  author = {Neagu, Magda},
  title = {{Australian Data Center outage report (update with details)}},
  howpublished = {\url{http://www.businesscatalyst.com/bc-blog/australian_data_center_outage_report}},
  year = {2012},
  month = {October},
  day = {9},
  note = {Retrieved 2013-10-11}
}

@misc{h-dda-13,
  author = {hypernia},
  title = {{Dallas – DDoS Attack – April 4}},
  howpublished = {\url{http://status.hypernia.com/dallas-ddos-attack-april-4/}},
  year = {2013},
  month = {April},
  day = {4},
  note = {Retrieved 2013-10-11}
}

@misc{h-ddanf-13,
  author = {hypernia},
  title = {{[Dallas] DDOS Attack N1585 (Friday, April 5th 2013)}},
  howpublished = {\url{http://status.hypernia.com/dallas-ddos-attack-n1585-friday-april-5th-2013/}},
  year = {2013},
  month = {April},
  day = {5},
  note = {Retrieved 2013-10-11}
}

@misc{h-sdam2-13,
  author = {hypernia},
  title = {{Sydney DDoS Attacks – May 23, 2013}},
  howpublished = {\url{http://status.hypernia.com/sydney-ddos-attacks-may-23-2013/}},
  year = {2013},
  month = {May},
  day = {23},
  note = {Retrieved 2013-10-11}
}

@misc{h-sdom2-13,
  author = {hypernia},
  title = {{Sydney DDOS ongoing May 24, 2013}},
  howpublished = {\url{http://status.hypernia.com/sydney-ddos-ongoing-may-24-2013/}},
  year = {2013},
  month = {May},
  day = {24},
  note = {Retrieved 2013-10-11}
}
 
@misc{h-sdat3-13,
  author = {hypernia},
  title = {{[Sydney] DDOS Attack Teamspeak 3}},
  howpublished = {\url{http://status.hypernia.com/ddos-attack-sydney-teamspeak-3/}},
  year = {2013},
  month = {June},
  day = {2},
  note = {Retrieved 2013-10-11}
}

@misc{h-ladas-13,
  author = {hypernia},
  title = {{Los Angeles DDoS Attack – Sept. 12, 2013}},
  howpublished = {\url{http://status.hypernia.com/los-angeles-ddos-attack-sept-12-2013/}},
  year = {2013},
  month = {September},
  day = {12},
  note = {Retrieved 2013-10-11}
}

@misc{h-ndtoa-13,
  author = {hypenia},
  title = {{Network/Datacenter Trouble/Outage(s) Archives - Hypernia Status System}},
  howpublished = {\url{http://status.hypernia.com/category/networkdatacenter-troubleoutages/}},
  year = {2013},
  note = {Retrieved 2013-10-11}
}

@misc{pkdt-ob-13,
  author = {Pidathala, Vinay and Kindlund, Darien and Haq, Thoufique and Bu, Zheng},
  title = {{Operation Beebus}},
  howpublished = {\url{http://www.fireeye.com/blog/technical/cyber-exploits/2013/02/operation-beebus.html}},
  year = {2013},
  month = {February},
  day = {1},
  note = {Retrieved 2013-10-11}
}

@misc{c-obadf-13,
  author = {Corey, Ryan},
  title = {{Operation Beebus Attacks Discovered by FireEye}},
  howpublished = {\url{http://www.trainace.com/operation-beebus-attacks-discovered-by-fireeye/}},
  year = {2013},
  month = {February},
  day = {12},
  note = {Retrieved 2013-11-20}
}


@techreport{f-fatr-12,
  author = {FireEye},
  title = {{FireEye Advanced Threat Report - 2H 2012}},
  type = {Advanced Threat Report},
  institution = {FireEye, Inc.},
  howpublished = {\url{http://www2.fireeye.com/rs/fireye/images/fireeye-advanced-threat-report-2h2012.pdf}},
  year = {2012},
  month = {April},
  note = {Retrieved 2013-10-11}
}

@misc{b-mbobn-13,
  author = {Bennett, James T. },
  title = {{The Mutter Backdoor: Operation Beebus with New Targets}},
  howpublished = {\url{http://www.fireeye.com/blog/technical/malware-research/2013/04/the-mutter-backdoor-operation-beebus-with-new-targets.html}},
  year = {2013},
  month = {April},
  day = {17},
  note = {Retrieved 2013-10-11}
}

@misc{v-asf7-11,
  author = {Virustotal},
  title = {{Antivirus scan for 7ed557921ac60dfcb295ebabfd972301 (Virustotal)}},
  howpublished = {\url{https://www.virustotal.com/en/file/4074a999c6203e8f1b51cc37cd68161a8f1e0d3689ea86b4c1d313a9ff860c92/analysis/#additional-info}},
  year = {2011},
  month = {April},
  day = {12},
  note = {Retrieved 2013-10-11}
}

@misc{p-hdomt-13,
  author = {Paganini, Pierluigi},
  title = {{Hacking Drones ... Overview of the Main Threats}},
  howpublished = {\url{http://resources.infosecinstitute.com/hacking-drones-overview-of-the-main-threats/}},
  year = {2013},
  month = {June},
  day = {4},
  note = {Retrieved 2013-10-11}
}

@misc{c-tcwae-11,
  author = {CoderoNoc},
  title = {{Twitter / CoderoNOC: We are experiencing network ...}},
  howpublished = {\url{https://twitter.com/CoderoNOC/status/45132589396271104}},
  year = {2011},
  month = {March},
  day = {8},
  note = {Retrieved 2013-10-14}
}

@misc{c-tc1as-11,
  author = {CoderoNoc},
  title = {{Twitter / CoderoNOC: 100\% of affected servers have ...}},
  howpublished = {\url{https://twitter.com/CoderoNOC/status/45226856810680320}},
  year = {2011},
  month = {March},
  day = {8},
  note = {Retrieved 2013-10-14}
}

@misc{m-msbmc-08,
  author = {Microsoft},
  title = {{Microsoft Security Bulletin MS08-067 - Critical}},
  howpublished = {\url{http://technet.microsoft.com/en-us/security/bulletin/ms08-067}},
  year = {2008},
  month = {October},
  day = {23},
  note = {Retrieved 2013-10-14}
}

@misc{s-sfsc-09,
  author = {shadowserver.org},
  title = {{Shadowserver Foundation - Stats - Conficker}},
  howpublished = {\url{www.shadowserver.org/wiki/pmwiki.php/Stats/Conficker}},
  year = {2009},
  note = {Retrieved 2013-10-14}
}


@techreport{r-cwgll-10,
  author = {Rendon Group},
  title = {{Conficker Working Group: Lessons Learned - June 2010}},
  type = {Technical Report},
  institution = {supported by the Department of Homeland Security},
  howpublished = {\url{http://www.confickerworkinggroup.org/wiki/uploads/Conficker_Working_Group_Lessons_Learned_17_June_2010_final.pdf}},
  year = {2011},
  month = {November}
}

@techreport{s-dccgt-09,
  author = {Symantec},
  title = {{The Downadup Codex - A comprehensive guide to the threat’s mechanics}},
  type = {Technical Report},
  institution = {Symantec Corporation},
  howpublished = {\url{http://www.symantec.com/content/en/us/enterprise/media/security_response/whitepapers/the_downadup_codex_ed1.pdf}},
  year = {2009},
  month = {March},
  day = {13}
}

@misc{n-df-11,
  author = {Naraine, Ryan},
  title = {{Duqu FAQ}},
  howpublished = {\url{http://www.securelist.com/en/blog/208193178/Duqu_FAQ}},
  year = {2011},
  month = {October},
  day = {19},
  note = {Updated {March} 27, 2012, Retrieved 2013-10-15}
}
@misc{v-as97-11,
  author = {Virustotal},
  title = {{Antivirus scan for 9749d38ae9b9ddd81b50aad679ee87ec (Virustotal)}},
  howpublished = {\url{https://www.virustotal.com/en/file/f1ee026692c8458bdd698884183150eb2b898a576bc1d94668bf9e0c1bb7507}},
  year = {2011},
  month = {November},
  day = {4},
  note = {Retrieved 2013-10-15}
}

@misc{b-sitdm-11,
  author = {Brodkin, Jon},
  title = {{Spotted in Iran, trojan Duqu may not be “son of Stuxnet” after all}},
  howpublished = {\url{http://arstechnica.com/business/2011/10/spotted-in-iran-trojan-duqu-may-not-be-son-of-stuxnet-after-all/}},
  year = {2011},
  month = {October},
  day = {27},
  note = {Retrieved 2013-10-15}
}

@misc{s-dtqa-11,
  author = {SecureWorks CTU Team},
  title = {{Duqu Trojan Questions and Answers}},
  howpublished = {\url{http://www.secureworks.com/cyber-threat-intelligence/threats/duqu/}},
  year = {2011},
  month = {October},
  day = {26},
  note = {Retrieved 2013-10-15}
}
  
@misc{g-mdp1-11,
  author = {Gostev, Alexander},
  title = {{The Mystery of Duqu: Part One}},
  howpublished = {\url{http://www.securelist.com/en/blog/208193182/The_Mystery_of_Duqu_Part_One}},
  year = {2011},
  month = {October},
  day = {20}
}

@misc{g-mdp2-11,
  author = {Gostev, Alexander},
  title = {{The Mystery of Duqu: Part Two}},
  howpublished = {\url{http://www.securelist.com/en/blog/208193197/The_Mystery_of_Duqu_Part_Two}},
  year = {2011},
  month = {October},
  day = {25}
}

@misc{b-dnssb-11,
  author = {Botezatu, Bogdan},
  title = {{Duqu: Not the Son of Stuxnet, but the Vanguard of a New Generation?}},
  howpublished = {\url{http://www.hotforsecurity.com/blog/duqu-not-the-son-of-stuxnet-but-the-vanguard-of-a-new-generation-1183.html}},
  year = {2011},
  month = {October},
  day = {19},
  note = {Retrieved 2013-10-15}
}

@misc{c-siioa-12,
  author = {Cowie, Jim},
  title = {{Syrian Internet Is Off The Air}},
  howpublished = {\url{http://www.renesys.com/2012/11/syria-off-the-air/}},
  year = {2012},
  month = {November},
  day = {29},
  note = {Retrieved 2013-10-15}
}

@misc{r-7nos-12,
  author = {Renesys},
  title = {{77 networks out in Syria}},
  howpublished = {\url{http://b2b.renesys.com/eventsbulletin/2012/11/SY-1354184790.html}},
  year = {2012},
  month = {November},
  day = {27},
  note = {Retrieved 2013-10-15}
}

@misc{p-hstoi-12,
  author = {Prince, Matthew},
  title = {{How Syria Turned Off the Internet}},
  howpublished = {\url{http://blog.cloudflare.com/how-syria-turned-off-the-internet}},
  year = {2012},
  month = {November},
  day = {29},
  note = {Retrieved 2013-10-15}
}

@misc{g-siars-12,
  author = {Graham-Cumming, John},
  title = {{Syrian Internet access reestablished starting 1432 UTC}},
  howpublished = {\url{http://blog.cloudflare.com/syrian-internet-access-appears-partially-rees}},
  year = {2012},
  month = {December},
  day = {1},
  note = {Retrieved 2013-10-15}
}

@misc{r-smitc-12,
  author = {Reuters},
  title = {{Syrian minister of information: "Terrorists" cut Internet}},
  howpublished = {\url{http://www.jpost.com/Breaking-News/Syrian-minister-of-information-Terrorists-cut-Internet}},
  year = {2012},
  month = {November},
  day = {29},
  note = {Retrieved 2013-10-15}
}

@misc{m-msavt-11,
  author = {Microsoft},
  title = {{Microsoft Security Advisory: Vulnerability in TrueType font parsing could allow elevation of privileges}},
  howpublished = {\url{http://support.microsoft.com/kb/2639658/en-us}},
  year = {2011},
  month = {December},
  day = {13},
  note = {Retrieved 2013-10-17}
}

@misc{s-tmdp5-11,
  author = {Soumenkov, Igor},
  title = {{The Mystery of Duqu: Part Five}},
  howpublished = {\url{http://www.securelist.com/en/blog/606/The_Mystery_of_Duqu_Part_Five}},
  year = {2011},
  month = {November},
  day = {15},
  note = {Retrived 2013-10-17}
}

@misc{g-mdp10-12,
  author = {Gostev, Alexander},
  title = {{The mystery of Duqu: Part Ten}},
  howpublished = {\url{http://www.securelist.com/en/blog/208193425/The_mystery_of_Duqu_Part_Ten}},
  year = {2012},
  month = {March},
  day = {27},
  note = {Retrieved 2013-10-17}
}

@misc{gs-sded-11,
  author = {Gostev, Alexander and Soumenkov, Igor},
  title = {{Stuxnet/Duqu: The Evolution of Drivers}},
  howpublished = {\url{http://www.securelist.com/en/analysis/204792208/Stuxnet_Duqu_The_Evolution_of_Drivers}},
  year = {2011},
  month = {December},
  day = {28},
  note = {Retrieved 2013-10-17}
}

@misc{c-ssiaa-12,
  author = {Chulov, Martin},
  title = {{Syria shuts off internet access across the country}},
  howpublished = {\url{http://www.theguardian.com/world/2012/nov/29/syria-blocks-internet}},
  year = {2012},
  month = {November},
  day = {29},
  note = {Retrieved 2013-10-17}
}

@misc{c-cwg-12,
  author = {TheConfickerGroup},
  title = {{The Conficker Working Group}},
  howpublished = {\url{http://www.confickerworkinggroup.org/wiki/}},
  year = {2012},
  note = {Retrieved 2013-10-21}
}

@misc{z-rigsh-08,
  author = {Zetter, Kim},
  title = {{Revealed: The Internet’s Biggest Security Hole}},
  howpublished = {\url{http://www.wired.com/threatlevel/2008/08/revealed-the-in/}},
  year = {2008},
  month = {August},
  day = {26},
  note = {Retrieved 2013-10-22}
}

@misc{wiki-it-12,
  author = {Wikipedia},
  title = {{Identity theft}},
  howpublished = {\url{http://en.wikipedia.org/w/index.php?title=Identity_theft&oldid=575646599}},
  year = {2013},
  month = {October},
  day = {03},
  note = {Retrieved  2013-10-22}
}

@misc{hz-dabma-09,
  author = {Hepner, Clint and Zmijewski, Earl},
  title = {{Defending Against BGP Man-In-The-Middle Attacks}},
  howpublished = {\url{http://www.renesys.com/wp-content/uploads/2013/05/blackhat-09.pdf}},
  year = {2009},
  month = {February},
  note = {Retrieved 2013-10-23}
}

@misc{ps-siism-08,
  author = {Pilosov, Alex and Science, Pure},
  title = {{Stealing The Internet --  An Internet-Scale Man In The Middle Attack}},
  howpublished = {\url{https://media.defcon.org/DEF%20CON%2016/DEF%20CON%2016%20video/DEF%20CON%2016%20Hacking%20Conference%20Presentation%20By%20Kapela%20and%20Pilosov%20-%20Stealing%20the%20Internet%20-%20Video.m4v}},
  year = {2008},
  month = {August},
  note = {Retrieved 2013-10-24}
}

@misc{s-simp-08,
  author = {Stretch, Jeremy},
  title = {{Stealing the Internet: Missing the Point}},
  howpublished = {\url{http://packetlife.net/blog/2008/aug/30/stealing-internet-missing-point/}},
  year = {2008},
  month = {August},
  day = {30},
  note = {Retrieved 2013-11-20}
}

@misc{d-dchcd-08,
  author = {DEFCON},
  title = {{DEF \textregistered\ CON Hacking Conference - DEFCON 16 Media Archives}},
  howpublished = {\url{https://www.defcon.org/html/links/dc-archives/dc-16-archive.html}},
  year = {2008},
  month = {August},
  note = {Retrieved 2013-10-24}
}

@misc{ppu-ala-05,
  author = {Popescu, Alin C. and Premore, Brian J. and Underwood, Todd},
  title = {{The Anatomy of a Leak: AS9121}},
  howpublished = {\url{http://www.nanog.org/meetings/abstract?id=498}},
  year = {2005},
  month = {May},
  day = {15},
  note = {presentation at {NANOG} 34}
}

@misc{u-icly-05,
  author  = {Underwood, Todd},
  title = {{Internet-Wide Catastrophe - Last Year}},
  howpublished = {\url{http://www.renesys.com/2005/12/internetwide-nearcatastrophela/}},
  year = {2005},
  month = {December},
  day = {24},
  note = {Retrieved 2013-11-04}
}

@misc{m-whi-08,
  author = {McPherson, Danny},
  title = {{When Hijacking the Internet...}},
  howpublished = {\url{http://www.arbornetworks.com/asert/2008/11/when-hijacking-the-internet/}},
  year = {2008},
  month = {November},
  day = {12},
  note = {Retrieved 2013-11-04}
}

@misc{c-blitf-08,
  author = {Cowie, Jim},
  title = {{Brazil Leak: If a tree falls in the rainforest...}},
  howpublished = {\url{http://www.renesys.com/2008/11/brazil-leak-if-a-tree-falls-in/}},
  year = {2008},
  month = {November},
  day = {11},
  note = {Retrieved 2013-11-04}
}

@misc{r-mpbi-08,
  author = {Ramos, Gustavo Rodrigues},
  title = {{Monitora\c{c}\~{a}o de prefixos BGP na Internet}},
  howpublished = {\url{http://blog.nexthop.com.br/2008/11/monitorao-de-prefixos-bgp-na-internet.html}},
  year = {2008},
  month = {November},
  day = {12},
  note = {Retrieved 2013-11-04}
}

@misc{t-pph-08,
  author = {Tinka, Mark},
  title = {{Potential Prefix Hijack (msg 005253)}},
  howpublished = {\url{http://mailman.nanog.org/pipermail/nanog/2008-November/005253.html}},
  year = {2008},
  month = {November},
  day = {10},
  note = {Retrieved 2013-11-04}
}

@misc{c-hmdmh-12,
 author = "Graham Cluley",
 title = {{How millions of DSL modems were hacked in Brazil, to pay for Rio prostitutes}},
 howpublished = {\url{http://nakedsecurity.sophos.com/2012/10/01/hacked-routers-brazil-vb2012}},
 year = {2012},
 month = {October},
 note = {Retrieved 2013-11-01}
}

@misc{t-pja-08,
  author = {Toonk, Andree},
  title = {{Prefix hijack by AS16735}},
  howpublished = {\url{http://bgpmon.net/?p=80}},
  year = {2008},
  month = {November},
  day = {11},
  note = {Retrived 2013-11-05}
}

@misc{r-pph-08,
  author = {Reis, Eduardo Ascen\c{c}o},
  title = {{Potential Prefix Hijack (msg 005287)}},
  howpublished = {\url{http://mailman.nanog.org/pipermail/nanog/2008-November/005287.html}},
  year = {2008},
  month = {November},
  day = {12},
  note = {Retrieved 2013-11-05}
}

@misc{z-rdi-09,
  author = {Zmijewski, Earl},
  title = {{Reckless Driving on the Internet}},
  howpublished = {\url{http://www.renesys.com/2009/02/the-flap-heard-around-the-world/}},
  year = {2009},
  month  = {February},
  day = {16},
  note = {Retrieved 2013-11-05}
}

@misc{o-3icap-09,
  author = {Ozar},
  title = {{3/11 (invalid or corrupt AS path) (msg 007940)}},
  howpublished = {\url{http://mailman.nanog.org/pipermail/nanog/2009-February/007940.html}},
  year = {2009},
  month = {February},
  day = {16},
  note = {Retrieved 2013-11-05}
}

@misc{h-3icap-09,
  author = {Haug, Steinar},
  title = {{3/11 (invalid or corrupt AS path) (msg 007942)}},
  howpublished = {\url{http://mailman.nanog.org/pipermail/nanog/2009-February/007942.html}},
  year = {2009},
  month = {February},
  day = {16},
  note = {Retrieved 2013-11-06}
}

@misc{p-lmbal-09,
  author = {Pepelnjak, Ivan},
  title = {{Limit the maximum BGP AS-path length}},
  howpublished = {\url{http://wiki.nil.com/wk/index.php?title=Limit_the_maximum_BGP_AS-path_length&oldid=1107}},
  year = {2009},
  month = {February},
  day = {18},
  note = {Retrieved 2013-11-06}
}

@misc{s-cicid-09,
  author = {Semperboni, Fabio},
  title = {{Cisco IOS causes Internet disruption}},
  howpublished = {\url{http://www.ciscozine.com/2009/02/24/cisco-ios-causes-internet-disruption/}},
  year = {2009},
  month = {February},
  day = {24},
  note = {Retrieved 2013-11-06}
}

@misc{q-hfaga-12,
  author = {Queiroz, Luiz},
  title = {{HSBC foi o alvo do grupo Anonymous}},
  howpublished = {\url{http://convergenciadigital.uol.com.br/cgi/cgilua.exe/sys/start.htm?infoid=29107&sid=18&utm_source=twitterfeed&utm_medium=twitter}},
  year = {2012},
  month = {February},
  day = {02},
  note = {Retrieved 2013-11-06}
}

@misc{b-oitab-12,
  author = {Anonymous Brasil},
  title = {{\#OpWeeksPayment @Itau 'TangoPersonalite' - Anonymous Brasil | Facebook}},
  howpublished = {\url{https://www.facebook.com/AnonBRNews/posts/159379350840411}},
  year = {2012},
  month = {January},
  day = {30},
  note = {Retrieved 2013-11-06}
}

@misc{c-aaabb-12,
  author = {Campi, Monica},
  title = {{Anonymous anuncia ataque a bancos no Brasil}},
  howpublished = {\url{http://veja.abril.com.br/noticia/economia/anonymous-anuncia-ataque-a-bancos-no-brasil}},
  year = {2012},
  month = {January},
  day = {30},
  note = {Retrieved 2013-11-06}
}

@misc{d-rospm-12,
  author = {Dikasnet},
  title = {{Resumo do que foi a Operação Semana de Pagamento, mais conhecida como \#OpWeeksPayment}},
  howpublished = {\url{http://dikas-net.blogspot.de/2012/02/resumo-do-que-foi-operacao-semana-de.html}},
  year = {2012},
  month = {February},
  day = {2},
  note = {Retrieved 2013-11-06}
}

@misc{s-bcbh-13,
  author = {Santos, Omar},
  title = {{BREACH, CRIME and Black Hat}},
  howpublished = {\url{http://blogs.cisco.com/security/breach-crime-and-blackhat/}},
  year = {2013},
  month = {August},
  day = {6},
  note = {Retrieved 2013-11-06}
}

@misc{d-acoum-13,
  author = {Ducklin, Paul},
  title = {{Anatomy of a cryptographic oracle - understanding (and mitigating) the BREACH attack}},
  howpublished = {\url{http://nakedsecurity.sophos.com/2013/08/06/anatomy-of-a-cryptographic-oracle-understanding-and-mitigating-the-breach-attack/}},
  year = {2013},
  month = {August},
  day = {6},
  note = {Retrieved 2013-11-21}
}

@misc{c-tca-07,
  author = {Conrad, Eric},
  title = {{Types of Cryptographic Attacks}},
  howpublished = {\url{http://www.giac.org/cissp-papers/57.pdf}},
  year = {2007},
  note = {Retrieved 2013-11-21}
}

@misc{phg-sg3sb-13,
  author = {Prado, Angelo and Harris, Neal and Gluck, Yoel},
  title = {{SSL, GONE IN 30 SECONDS -- A BREACH beyond CRIME}},
  howpublished = {\url{https://media.blackhat.com/us-13/US-13-Prado-SSL-Gone-in-30-seconds-A-BREACH-beyond-CRIME-Slides.pdf}},
  year = {2013},
  note = {Retrieved 2013-11-22}
}

@misc{a-as-11,
  author = {attrition.org},
  title = {{Absolute Sownage}},
  howpublished = {\url{http://attrition.org/security/rant/sony_aka_sownage.html}},
  year = {2011},
  month = {June},
  day = {4},
  note = {Retrieved 2013-11-07}
}

@misc{n-hpasb-12,
  author = {Neves, M\'{a}rcio},
  title = {{Hackers planejam ataques a sites de bancos; 
    Ita\'{u} j\'{a} saiu do ar}},
  howpublished = {\url{http://www1.folha.uol.com.br/mercado/1041332-hackers-planejam-ataques-a-sites-de-bancos-itau-ja-saiu-do-ar.shtml}},
  year = {2012},
  month = {January},
  day = {30},
  note = {Retrieved 2013-11-08}
}

@misc{m-atbbf-12,
  author = {McCaskill, Steve},
  title = {{Anonymous Targets Brazilian Banks In Fight Against `Inequality'}},
  howpublished = {\url{http://www.techweekeurope.co.uk/news/anonymous-targets-brazilian-banks-in-fight-against-inequality-58800}},
  year = {2012},
  month = {February},
  day = {6},
  note = {Retrieved 2013-11-08}
}

@misc{h-khluh-11,
  author = {Hirai, Kazuo},
  title = {{Kazuo Hirai's Letter to the U.S. House of Representatives}},
  howpublished = {\url{http://www.flickr.com/photos/playstationblog/sets/72157626521862165/with/5686965323/}},
  year = {2011},
  month = {May},
  day = {3},
  note = {Retrieved 2013-11-11}
}

@misc{r-ssitm-11,
  author = {Ragan, Steve},
  title = {{Seven security incidents in two months - Sony’s nightmare grows (Update)}},
  howpublished = {\url{http://www.thetechherald.com/articles/Seven-security-incidents-in-two-months-Sonys-nightmare-grows-%28Update%29/13611/}},
  year = {2011},
  month = {May},
  day = {23},
  note = {Retrieved 2013-11-11}
}

@misc{n-spnpu-11,
  author = {Niccolai, James},
  title = {{Sony: PlayStation Network personal user data stolen}},
  howpublished = {\url{http://www.networkworld.com/news/2011/042611-sony-playstation-network-personal-user.html}},
  year = {2011},
  month = {April},
  day = {26},
  note = {Retrieved 2013-11-11}
}

@misc{s-upnq-11,
  author = {Seybold,  Patrick},
  title = {{Update on PlayStation Network and Qriocity}},
  howpublished = {\url{http://blog.us.playstation.com/2011/04/26/update-on-playstation-network-and-qriocity/}},
  year = {2011},
  month = {April},
  day = {26},
  note = {Retrieved 2013-11-11}
}

@misc{s-csnso-11,
  author = {SOE},
  title = {{SOE - Customer Service Notification: SONY ONLINE ENTERTAINMENT ANNOUNCES THEFT OF DATA FROM ITS SYSTEMS}},
  howpublished = {\url{https://www.soe.com/securityupdate/pressrelease.vm}},
  year = {2011},
  month = {May},
  day = {3},
  note = {Retrieved 2013-11-12}
}

@misc{i-sapna-11,
  author = {IDG},
  title = {{Sony apologizes for PlayStation Network attack, outage}},
  howpublished = {\url{http://www.youtube.com/watch?v=_SDCV00ErEs}},
  year = {2011},
  month = {May},
  note = {Retrieved 2013-11-12}
}

@misc{r-sbah-11,
  author = {RTNews},
  title = {{Sony blames Anonymous for hack}},
  howpublished = {\url{http://www.youtube.com/watch?v=hnOM7KEnkvY}},
  year = {2011},
  month = {May},
  note = {Retrieved 2013-11-12}
}

@misc{h-pnrss-11,
  author = {Hirai, Kazuo},
  title = {{PlayStation Network Returns: Sony Statement}},
  howpublished = {\url{http://www.youtube.com/watch?v=-u8W784FTkw}},
  year = {2011},
  month = {May},
  note = {Retrieved 2013-11-12}
}

@misc{i-phas-11,
  author = {IGN},
  title = {{PSN Hack Attack Summary}},
  howpublished = {\url{http://www.youtube.com/watch?v=QVU6v53ow8k}},
  year = {2011},
  month = {May},
  note = {Retrieved 2013-11-12}
}

@misc{m-aesda-11,
  author = {Mick, Jason},
  title = {{Anonymous Engages in Sony DDoS Attacks Over GeoHot PS3 Lawsuit}},
  howpublished = {\url{http://www.dailytech.com/Anonymous+Engages+in+Sony+DDoS+Attacks+Over+GeoHot+PS3+Lawsuit/article21282.htm}},
  year = {2011},
  month = {April},
  day = {4},
  note = {Retrieved 2013-11-12}
}

@misc{h-psfss-11,
  author = {Hypponen, Mikko},
  title = {{Phishing Site Found on a Sony Server}},
  howpublished = {\url{http://www.f-secure.com/weblog/archives/00002160.html}},
  year = {2011},
  month = {May},
  day = {20}
}

@misc{a-opby-11,
  author = {AnonNews},
  title = {{Operation Payback brings you \#OpSony}},
  howpublished = {\url{http://anonnews.org/?p=press&a=item&i=787}},
  year = {2011},
  note = {Retrieved 2013-11-12}
}

@misc{s-upprp-11,
  author = {Seybold, Patrick},
  title = {{Update on PSN Password Reset Process}},
  howpublished = {\url{http://blog.us.playstation.com/2011/05/18/update-on-psn-password-reset-process/}},
  year = {2011},
  month = {May},
  day = {18},
  note = {Retrieved 2013-11-12}
}

@misc{c-llsds-11,
  author = {Constantin, Lucian},
  title = {{LulzSec Leaks Sony Devnet Source Code}},
  howpublished = {\url{http://news.softpedia.com/news/LulzSec-Leaks-Sony-Devnet-Source-Code-204727.shtml}},
  year = {2011},
  month = {June},
  day = {7},
  note = {Retrieved 2013-11-12}
}

@misc{g-lhst-11,
  author = {Guest},
  title = {{LulzSec hates Sony too}},
  howpublished = {\url{http://pastebin.com/NyEFLbyX}},
  year = {2011},
  month = {May},
  day = {23},
  note = {Retrieved 2013-11-12}
}

@misc{b-dafdb-11,
  author = {Bakker, Jasper},
  title = {{DDoS attack forces Dutch bank offline}},
  howpublished = {\url{http://news.idg.no/cw/art.cfm?id=3F6822FF-1A64-6A71-CE67724BB606D61C}},
  year = {2011},
  month = {February},
  day = {23},
  note = {Retrieved 2013-11-16}
}

@misc{an-ltbtd-13b,
  author = {AlFardan, Nadhem J. and Paterson, Kenneth G.},
  title = {{Lucky Thirteen: Breaking the TLS and DTLS Record Protocols}},
  howpublished = {\url{http://www.isg.rhul.ac.uk/tls/Lucky13.html}},
  year = {2013},
  month = {February},
  day = {4},
  note = {Retrieved 2013-11-16}
}

@misc{p-sclta-13,
  author = {Parkinson, Sean},
  title = {{Secure Crypto: ``Lucky Thirteen'' Attack}},
  howpublished = {\url{https://blogs.rsa.com/secure-crypto-lucky-thirteen-attack/}},
  year = {2013},
  month = {March},
  day = {19},
  note = {Retrieved 2013-11-16}
}

@misc{o-osa-13,
  author = {openssl},
  title = {{OpenSSL Security Advisory [05 Feb 2013]}},
  howpublished = {\url{http://www.openssl.org/news/secadv_20130204.txt}},
  year = {2013},
  month = {February},
  day = {05},
  note = {Retrieved 2013-11-16}
}

@misc{i-l1naa-13,
  author = {infosecurity},
  title = {{Lucky 13 – a new attack against SSL/TLS}},
  howpublished = {\url{http://www.infosecurity-magazine.com/view/30632/lucky-13-a-new-attack-against-ssltls/}},
  year = {2013},
  month = {February},
  day = {07},
  note = {Retrieved 2013-11-16}
}

@misc{d-bchei-13,
  author = {Ducklin, Paul},
  title = {{Boffins `crack' HTTPS encryption in Lucky Thirteen attack}},
  howpublished = {\url{http://nakedsecurity.sophos.com/2013/02/07/boffins-crack-https-encryptionin-lucky-thirteen-attack/}},
  year = {2013},
  month = {February},
  day = {7},
  note = {Retrieved 2013-11-16}
}

@misc{cve-2013-0169,
  author = {mitre.org},
  title = {{CVE-2013-0169}},
  howpublished = {\url{http://cve.mitre.org/cgi-bin/cvename.cgi?name=CVE-2013-0169}},
  year = {2013},
  note = {Retrieved 2013-11-18}
}

@misc{s-rdrsl-13,
  author = {Smith, Richard},
  title = {{Rabobank DDoS Response: Security Lessons}},
  howpublished = {\url{http://internetidentity.com/blog/rabobank-ddos-response-security-lessons/}},
  year = {2013},
  month = {March},
  day = {28},
  note = {Retrieved 2013-11-18}
}

@misc{r-mibhd-13,
  author = {Raywood, Dan},
  title = {{Major international bank hit by DDoS that leaves service interrupted for several days}},
  howpublished = {\url{http://www.scmagazineuk.com/major-international-bank-hit-by-ddos-that-leaves-service-interrupted-for-several-days/article/197146/}},
  year = {2013},
  month = {February},
  day = {28},
  note = {Retrieved 2013-11-18}
}

@misc{i-iw-13,
  author = {ideal.nl},
  title = {{iDEAL - WAT}},
  howpublished = {\url{http://www.ideal.nl/acceptant/?s=wat&lang=eng-GB}},
  year = {2013},
  note = {Retrieved 2013-11-18}
}

@misc{i-iw-11,
  author = {ideal.nl},
  title = {{iDEAL - WAT (archived version)}},
  howpublished = {\url{http://web.archive.org/web/20110224151026/http://www.ideal.nl/acceptant/?s=wat&lang=eng-GB}},
  year = {2011},
  month = {February},
  day = {24},
  note = {Retrieved 2013-11-19}
}

@misc{n-nspbr-11,
  author = {nu.nl},
  title = {{Nog steeds problemen bij Rabobank}},
  howpublished = {\url{http://www.nu.nl/internet/2451763/nog-steeds-problemen-bij-rabobank.html}},
  year = {2011},
  month = {February},
  day = {21},
  note = {Retrieved 2013-11-18}
}

@misc{r-msi-11,
  author = {{van Ringelestijn}, Tonie},
  title = {{Miljoenen schade na iDeal-storing}},
  howpublished = {\url{http://www.bright.nl/miljoenen-schade-na-ideal-storing}},
  year = {2011},
  month = {February},
  day = {21},
  note = {Retrieved 2013-11-19}
}

@misc{y-id-11,
  author = {Yourwebhoster},
  title = {{ing deal}},
  howpublished = {\url{http://www.webhostingtalk.nl/netwerk-storingen-en-updates/166876-ing-ideal.html}},
  year = {2011},
  month = {February},
  day = {20},
  note = {Retrieved 2013-11-19}
}

@misc{f-ascic-12,
  author = {Fraga, Nayara},
  title = {{Ataques a sites continuam; \'ir\~{a}o nos conhecer pelo amor ou pela dor\', diz hacker (\'{a}udio)}},
  howpublished = {\url{http://blogs.estadao.com.br/radar-tecnologico/2012/02/01/ciberataques-continuam-hacker-diz-que-grupo-sera-conhecido-pelo-amor-ou-pela-dor/}},
  year = {2012},
  month = {February},
  day = {1},
  note = {Retrieved 2013-11-19}
}

@misc{spg-ascsb-13,
  author = {Sarkar, Pratik Guha and Fitzgerald, Shawn},
  title = {{ATTACKS ON SSL A COMPREHENSIVE STUDY OF BEAST, CRIME, TIME, BREACH, LUCKY 13 \& RC4 BIASES}},
  howpublished = {\url{https://www.isecpartners.com/media/106031/ssl_attacks_survey.pdf}},
  year = {2013},
  month = {August},
  day = {15},
  note = {Retrieved 2013-11-22}
}

@misc{ghp-brca-13,
  author = {Gluck, Yoel and Harris, Neal and PRADO, ANGELO {\'A}NGEL},
  title = {{BREACH: REVIVING THE CRIME ATTACK}},
  howpublished = {\url{http://css.csail.mit.edu/6.858/2013/readings/breach.pdf}},
  year={2013}
}

@misc{wiki-poa-13,
   author = {Wikipedia},
   title = {{Padding oracle attack}},
   howpublished = {\url{http://en.wikipedia.org/w/index.php?title=Padding_oracle_attack&oldid=583042678}},
   year = {2013},
   month = {November},
   day = {24},
   note = {Retrieved  2013-09-26}
}

@misc{m-ccsrf-13,
  author = {mitre.org},
  title = {{CWE-352: Cross-Site Request Forgery (CSRF)}},
  howpublished = {\url{http://cwe.mitre.org/data/definitions/352.html}},
  year = {2013},
  month = {July},
  day = {16},
  note = {Retrieved 2013-11-27}
}

@misc{o-7ccpu-11,
  author = {osvdb.org},
  title = {{72795 : COMTREND CT-5367 password.cgi Unrestricted Access}},
  howpublished = {\url{http://osvdb.org/show/osvdb/72795}},
  year = {2011},
  month = {March},
  day = {04},
  note = {Retrieved 2013-11-27}
}

@misc{c-ispgc-12,
  author = {Cayanan, Brian},
  title = {{Info Stealer Poses as Google Chrome Installer}},
  howpublished = {\url{http://blog.trendmicro.com/trendlabs-security-intelligence/info-stealer-poses-as-google-chrome-installer/}},
  year = {2012},
  month = {May},
  day = {15},
  note = {Retrieved 2013-11-27}
}

@misc{c-tistb-12,
  author = {Cristine Hoepers},
  title = {{Tratamento de Incidentes de Seguran\c{c}a e Tend{\^e}ncias no Brasil}},
  howpublished = {\url{http://www.cert.br/docs/palestras/certbr-jornada-sisp2012.pdf}},
  year = {2012},
  month = {April},
  day = {11},
  note = {Retrieved 2013-11-27}
}

@misc{p-tbe-12,
  author = {Paz, Roland Marco Dela},
  title = {{TSPY\_BANKER.EUIQ}},
  howpublished = {\url{http://about-threats.trendmicro.com/us/malware/TSPY_BANKER.EUIQ}},
  year = {2012},
  note = {Retrieved 2013-11-27}
}

@misc{a-cadmf-12,
  author = {ARIS-LD},
  title = {{Criminosos alteram DNS de modems usando falha para realizar fraudes}},
  howpublished = {\url{http://www.linhadefensiva.org/2012/03/criminosos-alteram-dns-de-modems-usando-falha-para-realizar-fraudes/}},
  year = {2012},
  month = {April},
  day = {20},
  note = {Retrieved 2013-11-27}
}

@misc{wiki-dh-13,
   author = {Wikipedia},
   title = {{DNS hijacking}},
   howpublished = {\url{http://en.wikipedia.org/w/index.php?title=DNS_hijacking&oldid=573855855}},
   year = {2013},
   month = {September},
   day = {21},
   note = {Retrieved  2013-09-28}
}

@misc{m-bwdac-09,
  author = {Mills, Elinor},
  title = {{Botnet worm in DOS attacks could wipe data out on infected PCs}},
  howpublished = {\url{http://news.cnet.com/8301-1009_3-10284281-83.html}},
  year = {2009},
  month = {July},
  day = {10},
  note = {Retrieved 2013-11-28}
}

@misc{b-sga-98,
  author = {Bangs, Andrew},
  title = {{Re: Strange BGP announcement (msg 00208)}},
  howpublished = {\url{http://www.nanog.org/mailinglist/mailarchives/old_archive/1998-11/msg00208.html}},
  year = {1998},
  month = {November},
  day = {08},
  note = {Retrieved 2013-11-29}
}

@misc{c-cac9-97,
  author = {cert.org},
  title = {{CERT Advisory CA-97.26.statd}},
  howpublished = {\url{http://www.cert.org/advisories/CA-97.26.statd.html}},
  year = {1997},
  month = {December},
  day = {8},
  note = {Retrieved 2013-12-02}
}

@misc{s-mmwhn-01,
  author = {spiegel.de},
  title = {{"Moonlight Maze": Wer hackt im Netzwerk des Pentagon?}},
  howpublished = {\url{http://www.spiegel.de/netzwelt/web/moonlight-maze-wer-hackt-im-netzwerk-des-pentagon-a-132511.html}},
  year = {2001},
  month = {May},
  day = {07},
  note = {Retrieved 2013-12-02}
}

@misc{d-yhans-99,
  author = {Drogin, Bob},
  title = {{Yearlong Hacker Attack Nets Sensitive U.S. Data}},
  howpublished = {\url{http://articles.latimes.com/1999/oct/07/news/mn-19725}},
  year = {1999},
  month = {October},
  day = {7},
  note = {Retrieved 2013-12-02}
}

@misc{g-cidir-01,
  author = {GAO},
  title = {{Challenges to Improving DOD's Incident Response Capabilities}},
  howpublished = {\url{http://www.gao.gov/new.items/d01341.pdf}},
  year = {2001},
  month = {March},
  note = {Retrieved 2013-12-02}
}

@misc{l-phmha-01,
  author = {Loeb, Vernon},
  title = {{Pentagon hit with 'Maze' of hack attacks / Investigators trace case to Russia}},
  howpublished = {\url{http://www.sfgate.com/news/article/Pentagon-hit-with-Maze-of-hack-attacks-2924284.php}},
  year = {2001},
  month = {May},
  day = {7},
  note = {Retrieved 2013-12-02}
}

@misc{k-ifwss-00,
  author = {Key, Virginia},
  title = {{ID FAQ: What is Solar Sunrise?}},
  howpublished = {\url{http://web.archive.org/web/20001024102339/http://sans.org/newlook/resources/IDFAQ/solar_sunrise.htm}},
  year = {2000},
  note = {Retrieved 2013-12-04}
}

@misc{s-wtra-13,
  author = {Sawant, Suraj},
  title = {{What are Titan Rain Attacks?}},
  howpublished = {\url{http://www.wegilant.com/what-are-titan-rain-attacks/}},
  year = {2013},
  month = {October},
  day = {10},
  note = {Retrieved 2013-12-09}
}

@misc{l-cstrc-05,
  author = {Lewis, James A.},
  title = {{Computer Spionage, Titan Rain and China}},
  howpublished = {\url{http://csis.org/files/media/csis/pubs/051214_china_titan_rain.pdf}},
  year = {2005},
  month = {December},
  note = {Retrieved 2013-12-09}
}

@misc{g-hacws-05,
  author = {Graham, Bradley},
  title = {{Hackers Attack Via Chinese Web Sites}},
  howpublished = {\url{http://www.washingtonpost.com/wp-dyn/content/article/2005/08/24/AR2005082402318.html}},
  year = {2005},
  month = {August},
  day = {25},
  note = {Retrieved 2013-12-09}
}

@misc{t-iccam-05,
  author = {Thornburgh, Nathan},
  title = {{The Invasion of the Chinese Cyberspies (And the Man Who Tried to Stop Them)}},
  howpublished = {\url{http://courses.cs.washington.edu/courses/csep590/05au/readings/titan.rain.htm}},
  year = {2005},
  month = {September},
  day = {5},
  note = {Retrieved 2013-12-10}
}

@article{pc-dcabo-11,
  title={{DigiNotar Certificate Authority breach’Operation Black Tulip’}},
  author={Prins, JR and Cybercrime, Business Unit},
  journal={Fox-IT, November},
  year={2011}
}

@misc{b-htpa-14,
  author = {Kai Biermann},
  title = {{Die hinterhältigen Tricks der Porno-Abmahner}},
  howpublished = {\url{http://www.zeit.de/digital/internet/2014-02/redtube-porno-abmahnung}},
  year = {2014},
  month = {February},
  day = {9},
  note = {Retrieved 2014-02-27}
}
