@inproceedings{kbfkk-thsps-15,
 author = {Kulkarni, Sanjeev and Bhagat, Nikunj and Fu, Maosong and Kedigehalli, Vikas and Kellogg, Christopher and Mittal, Sailesh and Patel, Jignesh M. and Ramasamy, Karthik and Taneja, Siddarth},
 title = {{Twitter Heron: Stream Processing at Scale}},
 booktitle = {Proceedings of the 2015 ACM SIGMOD International Conference on Management of Data},
 series = {SIGMOD '15},
 year = {2015},
 isbn = {978-1-4503-2758-9},
 location = {Melbourne, Victoria, Australia},
 pages = {239--250},
 numpages = {12},
 publisher = {ACM},
 address = {New York, NY, USA},
 keywords = {real-time data processing., stream data processing systems},
}

@inproceedings{zcddm-rddaa-12,
 author = {Zaharia, Matei and Chowdhury, Mosharaf and Das, Tathagata and Dave, Ankur and Ma, Justin and McCauley, Murphy and Franklin, Michael J. and Shenker, Scott and Stoica, Ion},
 title = {{Resilient Distributed Datasets: A Fault-tolerant Abstraction for In-memory Cluster Computing}},
 booktitle = {Proceedings of the 9th USENIX Conference on Networked Systems Design and Implementation},
 series = {NSDI'12},
 year = {2012},
 location = {San Jose, CA},
 pages = {2--2},
 numpages = {1},
 publisher = {USENIX Association},
 address = {Berkeley, CA, USA},
}

@article{abbch-mfspis-13,
 author = {Akidau, Tyler and Balikov, Alex and Bekiro\u{g}lu, Kaya and Chernyak, Slava and Haberman, Josh and Lax, Reuven and McVeety, Sam and Mills, Daniel and Nordstrom, Paul and Whittle, Sam},
 title = {MillWheel: Fault-tolerant Stream Processing at Internet Scale},
 journal = {Proc. VLDB Endow.},
 issue_date = {August 2013},
 volume = {6},
 number = {11},
 month = aug,
 year = {2013},
 issn = {2150-8097},
 pages = {1033--1044},
 numpages = {12},
 publisher = {VLDB Endowment},
}

@article{dg-msdpl-08,
 author = {Dean, Jeffrey and Ghemawat, Sanjay},
 title = {{MapReduce: Simplified Data Processing on Large Clusters}},
 journal = {Commun. ACM},
 volume = {51},
 number = {1},
 month = jan,
 year = {2008},
 issn = {0001-0782},
 pages = {107--113},
 numpages = {7},
 publisher = {ACM},
 address = {New York, NY, USA},
}

@article{ckemh-afsbpse-15,
  author={Carbone, Paris and Katsifodimos, Asterios and Ewen, Stephan and Markl, Volker and Haridi, Seif and Tzoumas, Kostas},
  title={{Apache Flink: Stream and Batch Processing in a Single Engine}},
  journal={Bulletin of the IEEE Computer Society Technical Committee on Data Engineering},
  volume={36},
  number={4},
  year={2015},
  publisher={IEEE Computer Society}
}

@article{r-sbdpd-14,
  title={{Streaming Big Data Processing in Datacenter Clouds}},
  author={Ranjan, Rajiv},
  journal={IEEE Cloud Computing},
  volume={1},
  number={1},
  pages={78--83},
  year={2014},
  publisher={IEEE}
}
