%%%%%%%%%%%%%%%%%%%%%%%%%%%%%%%%%%%%%%%%%%%%%%%%%%%%%%%%%%%%%%%%%%%%%
%% CONTENT: related work on cloud computing
%%%%%%%%%%%%%%%%%%%%%%%%%%%%%%%%%%%%%%%%%%%%%%%%%%%%%%%%%%%%%%%%%%%%%
%% STRUCTURE:
%% * General, overviews on cloud computing
%% * Cloud software and environments (e.g. Eucalyptus)
%% * Performance evaluation and measurements
%% * Usages and application for/with cloud computing
%% * other ...
%%%%%%%%%%%%%%%%%%%%%%%%%%%%%%%%%%%%%%%%%%%%%%%%%%%%%%%%%%%%%%%%%%%%%

%% GENERAL
@proceedings{aws-ooaws-10,
 title      = {{Overview of Amazon Web Services}},
 organization = {Amazon Web Services},
 year       = {2010},
}

@manual{aws-awcc-12,
 title      = {{Amazon Elastic Compute Cloud: User Guide}},
 organization = {Amazon Web Services},
 year       = {2012},
}

@techreport{mg-tndoc-11,
  author    = {Peter Mell and Timothy Grance},
  title     = {{The NIST Definition of Cloud Computing}},
  year      = {2011},
  institution = {National Institute of Standards and Technology},
  url       = {http://www.nist.gov/itl/cloud/index.cfm},
}

@inproceedings{mych-ccc-10,
  author    = {Murray, Derek G. and Yoneki, Eiko and Crowcroft, Jon and Hand, Steven},
  title     = {{The Case for Crowd Computing}},
  booktitle = {2nd ACM SIGCOMM Workshop on Networking, Systems, and Applications on Mobile Handhelds (MobiHeld'10)},
  year      = {2010},
  location  = {New Delhi, India},
  pages     = {39--44},
  numpages  = {6},
  address   = {New York, NY, USA},
}


@techreport{afgjk-acbvc-09,
  author    = {Michael Armbrust and Armando Fox and Rean Griffith and
               Anthony D. Joseph and Randy H. Katz and Andrew Konwinski
               and Gunho Lee and David A. Patterson and Ariel Rabkin and
               Ion Stoica and Matei Zaharia},
  title     = {{Above the Clouds: A Berkeley View of Cloud Computing}},
  year      = {2009},
  month     = feb,
  institution = {EECS Department, University of California, Berkeley},
  number    = {UCB/EECS-2009-28},
  url       = {http://www.eecs.berkeley.edu/Pubs/TechRpts/2009/EECS-2009-28.html},
}

%% SOFTWARE
@inproceedings{nwgos-eoccs-09,
  author    = {Nurmi, Daniel and Wolski, Rich and Grzegorczyk, Chris and Obertelli, Graziano and Soman, Sunil and Youseff, Lamia and Zagorodnov, Dmitrii},
  title     = {{The Eucalyptus Open-Source Cloud-Computing System}},
  booktitle = {9th IEEE Int. Symp. on Cluster Computing and the Grid (CCGRID'09)},
  series    = {CCGRID '09},
  year      = {2009},
  pages     = {124--131},
  publisher = {IEEE Computer Society},
  address   = {Washington, DC, USA},
}

%% EVALUATION

%% USAGES
@inproceedings{fnc-ccm-09,
  author    = {Marc Fouquet and Heiko Niedermayer and Georg Carle},
  title     = {{Cloud Computing for the Masses}},
  booktitle = {1st ACM Workshop on User-provided Networking: challenges and opportunities (U-NET'09)},
  year      = {2009},
  pages     = {31--36},
  publisher = {ACM},
  address   = {New York, NY, USA},
}

@inproceedings{trva-anpac-10,
  author    = {Trajkovska, Irena and Salvachua Rodriguez, Joaquin and Mozo Velasco, Alberto},
  title     = {{A Novel P2P and Cloud Computing Hybrid Architecture for
                Multimedia Streaming with QoS Cost Functions}},
  booktitle = {International Conference on Multimedia (MM'10)},
  year      = {2010},
  location  = {Firenze, Italy},
  pages     = {1227--1230},
  numpages  = {4},
  url       = {http://doi.acm.org/10.1145/1873951.1874193},
  publisher = {ACM},
  address   = {New York, NY, USA},
}

@techreport{abr-vcdoi-11,
  author    = {Stephen Alstrup and Scott Brown and Theis Rauhe},
  title     = {{Video Consumption Dramatically Outpaces Internet Capacity}},
  year      = {2011},
  organization = {Octoshape},
  url       = {http://tech.ebu.ch/webdav/site/tech/shared/techreview/trev_2011-Q2_octosolution_alstrup.pdf},
}

@article{fbhc-naas-11,
  author    = {Tao Feng and Jun Bi and Hongyu Hu and Hui Cao},
  title     = {{Networking as a Service: a Cloud-based Network Architecture}},
  journal   = {Journal of Networks},
  volume    = {6},
  number    = {7},
  year      = {2011},
  url       = {http://ojs.academypublisher.com/index.php/jnw/article/view/jnw060710841090}
}
%% OTHER
