@inproceedings{crk-ncmns-08,
  author    = {Chun, Byung-Gon and Ratnasamy, Sylvia and Kohler, Eddie},
  title     = {{NetComplex: A Complexity Metric for Networked System Designs}},
  booktitle = {5th USENIX Symposium on Networked Systems Design and Implementation (NSDI'08)},
  year      = {2008},
  month     = apr,
}

@INPROCEEDINGS{pnbkf-ggpnd-11,
  author    = {Parsonage, E. and Nguyen, H.X. and Bowden, R. and Knight, S. and Falkner, N. and Roughan, M.},
  title     = {{Generalized Graph Products for Network Design and Analysis}},
  booktitle = {19th IEEE Int. Conf. on Network Protocols (ICNP'11)},
  year      = {2011},
  pages     = {79--88},
}

@article{cgp-meabs-05,
  author    = {Costa, Madalena and Goldberger, Ary L and Peng, C-K},
  title     = {{Multiscale Entropy Analysis of Biological Signals}},
  journal   = {Physical Review E},
  volume    = {71},
  number    = {2},
  pages     = {021906},
  year      = {2005},
  publisher = {APS},
}

@inproceedings{dbe-ncgcm-08,
  author    = {Dehmer, Matthias and Borgert, Stephan and Emmert-Streib, Frank},
  title     = {{Network Classes and Graph Complexity Measures}},
  booktitle = {1st Int. Conf. on Complexity and Intelligence of the Artificial and Natural Complex Systems, Medical Applications of the Complex Systems, Biomedical Computing (CANS'08)},
  pages     = {77--84},
  year      = {2008},
  organization = {IEEE}
}

@inproceedings{abkm-ron-01,
  author    = {Andersen, David and Balakrishnan, Hari and Kaashoek, Frans and Morris, Robert},
  title     = {{Resilient Overlay Networks}},
  booktitle = {8th ACM symposium on Operating systems principles (SOSP'01)},
  year      = {2001},
  location  = {Banff, Alberta, Canada},
  pages     = {131--145},
  acmid     = {502048},
  publisher = {ACM},
  address   = {New York, NY, USA},
} 

@inproceedings{b-cnc-2009,
  author    = {Behringer, Michael H.},
  title     = {{Classifying Network Complexity}},
  booktitle = {Workshop on Re-architecting the Internet (ReArch'09)},
  year      = {2009},
  pages     = {13--18},
  publisher = {ACM},
  address   = {New York, NY, USA},
}

@misc{nc-2013,
  author    = {Behringer, Michael},
  title     = {{Network Complexity - The Wiki}},
  month     = dec,
  year      = {2013},
  howpublished = {\url{http://networkcomplexity.org/}},
}

@ARTICLE{ad-cvcci-10,
  author    = {Alderson, D.L. and Doyle, J.C.},
  title     = {{Contrasting Views of Complexity and Their Implications For Network-Centric Infrastructures}},
  journal   = {IEEE Transactions on Systems, Man and Cybernetics, Part A: Systems and Humans},
  year      = {2010},
  volume    = {40},
  number    = {4},
  pages     = {839--852},
}

@inproceedings{r-ncc-13,
  author    = {Roughan, Matthew},
  title     = {{Network Configuration Complexity}},
  publisher = {Presented at The Critical Internet Infrastructure (Dagstuhl Seminar 13322)},
  month     = aug, 
  year      = {2013},
}

@article{ab-smocn-02,
  author    = {Albert, R{\'e}ka and Barab{\'a}si, Albert-L{\'a}szl{\'o}},
  title     = {{Statistical Mechanics of Complex Networks}},
  journal   = {Reviews of Modern Physics},
  volume    = {74},
  number    = {1},
  pages     = {47},
  year      = {2002},
  publisher = {APS},
}

@book{ ch-cnsrf-10,
  author    = {Cohen, Reuven and Havlin, Shlomo},
  title     = {{Complex Networks: Structure, Robustness and Function}},
  year      = {2010},
  publisher = {Cambridge University Press}
}

@inproceedings{vmm-soamt-02,
  author    =   {Van Mieghem, Piet and Janic, Milena},
  title     = {{Stability of a Multicast Tree}},
  booktitle = {21st Annual Joint Conf. of the IEEE Computer and Communications Societies (INFOCOM'02)},
  volume    = {2},
  pages     = {1099--1108},
  year      = {2002},
  organization = {IEEE}
}

@article{h-gtian-06,
  author    = {Heckel, Reiko},
  title     = {{Graph Transformation in a Nutshell}},
  journal   = {Electronic Notes in Theoretical Computer Science},
  volume    = {148},
  pages     = {187--198},
  year      = {2006}
}

@book{eept-foagt-06,
  author    = {Ehrig, Hartmut and Ehrig, Karsten and Prange, Ulrike and Taentzer, Gabriele},
  title     = {{Fundamentals of Algebraic Graph Transformation}},
  volume    = {373},
  year      = {2006},
  publisher = {Springer}
}

@inproceedings{fb-asoggtaa-92,
  author    = {Fahmy, Hoda and Blostein, Dorothea},
  title     = {{A Survey of Graph Grammars: Theory and Applications}},
  booktitle = {11th Int. Conf. on Pattern Recognition, Conference B: Pattern Recognition Methodology and Systems (ICPR'92)},
  volume    = {II},
  pages     = {294--298},
  year      = {1992},
  organization = {IEEE}
}

@misc{k-avsdes-04,
  author    = {K{\"o}nig, Barbara},
  title     = {{Analysis and Verification of Systems with Dynamically Evolving Structure}},
  year      = {2004},
  language  = {eng},
  URL       = {http://elib.uni-stuttgart.de/opus/volltexte/2005/2333},
}

@misc{h-mfi-06,
  author    = {Hartmann, Peter},
  title     = {{Mathematik f{\"u}r Informatiker: Ein praxisbezogenes Lehrbuch}},
  edition   = {4},
  year      = {2006},
  publisher = {Vieweg Verlag}
}

@book{b-rg-06,
  author    = {Bollob\'{a}s, B\'{e}la},
  title     = {{Random Graphs}},
  year      = {2006},
  publisher = {Cambridge Univ. Press}
}

@inproceedings{cmrehl-aagtp1-97,
  author    = {Corradini, Andrea and Montanari, Ugo and Rossi, Francesca and Ehrig, Hartmut and Heckel, Reiko and L{\"o}we, Michael},
  title     = {{Algebraic Approaches to Graph Transformation-Part I: Basic Concepts and Double Pushout Approach.}},
  booktitle = {Handbook of Graph Grammars},
  pages     = {163--246},
  year      = {1997}
}

@inproceedings{n-tbsgg-79,
  author    = {Nagl, Manfred},
  title     = {{A Tutorial and Bibliographical Survey on Graph Grammars}},
  booktitle = {Graph-Grammars and Their Application to Computer Science and Biology},
  pages     = {70--126},
  year      = {1979},
  organization = {Springer}
}

@article{d-ddrt-96,
  author    = {Dobrow, Robert P},
  title     = {{On the Distribution of Distances in Recursive Trees}},
  journal   = {Journal of Applied Probability},
  pages     = {749--757},
  year      = {1996},
  publisher = {JSTOR}
}

@article{pp-lnitr-07,
  author    = {Panholzer, Alois and Prodinger, Helmut},
  title     = {{Level of Nodes in Increasing Trees Revisited}},
  journal   = {Random Structures \& Algorithms},
  volume    = {31},
  number    = {2},
  pages     = {203--226},
  year      = {2007},
  publisher = {Wiley}
}

@article{sfh-urtbs-06,
  author    = {Su, Chun and Feng, Qunqiang and Hu, Zhishui},
  title     = {{Uniform Recursive Trees: Branching Structure and Simple Random Downward Walk}},
  journal   = {Journal of mathematical analysis and applications},
  volume    = {315},
  number    = {1},
  pages     = {225--243},
  year      = {2006},
  publisher = {Elsevier}
}

@article{fsh-bsurt-05,
  author    = {Feng, Qunqiang and Su, Chun and Hu, Zhishui},
  title     = {{Branching Structure of Uniform Recursive Trees}},
  journal   = {Science in China Series A: Mathematics},
  volume    = {48},
  number    = {6},
  pages     = {769--784},
  year      = {2005},
  publisher = {Springer}
}

@book{p-dsa-99,
  author    = {Preiss, Bruno R.},
  title     = {{Data Structures and Algorithms}},
  year      = {1999},
  edition   = {1st},
  publisher = {John Wiley \& Sons, Inc.},
  address   = {New York, NY, USA},
  url       = {http://www.brpreiss.com/books/opus5/html/book.html}
} 

@book{d-g-06,
  author    = {Diestel, Reinhard},
  title     = {{Graphentheorie}},
  publisher = {Springer}, 
  edition   = {3rd},
  year      = {2006}
 
}
@article{vmhvh-oteom-01,
  author    = {Van Mieghem, Piet and Hooghiemstra, Gerard and Van Der Hofstad, Remco},
  title     = {{On the Efficiency of Multicast}},
  journal   = {IEEE/ACM Transactions on Networking (TON)},
  volume    = {9},
  number    = {6},
  pages     = {719--732},
  year      = {2001},
  publisher = {IEEE Press}
}

@article{pvmsg-rdfba-14,
  author    = {Papadimitriou, D. and Van Mieghem,P. and Salamatian, K. and Griffths, F.},
  title     = {{D1. 5: Roadmap on developing the fundamental basis of autonomous and dynamic complex networks}},
  year      = {2014},
  edition   = {1}
}

@book{s-idsa-01,
  author    = {Storer, James Andrew},
  title     = {{An Introduction to Data Structures and Algorithms}},
  year      = {2001},
  publisher = {Springer Science \& Business Media}
}

@ONLINE{eins-15,
  title     = {{Network of Excellence in Internet Science (EINS)}},
  month     = Feb,
  year      = {2015},
  note      = {\url{http://www.internet-science.eu/}}
}

@misc{jk-umata-77,
  author    = {Johnson, NL and Kotz, S},
  title     = {{Urn Models and Their Application: An Approach to Modern Discrete Probability Theory}},
  publisher = {Wiley, New York},
  year      = {1977}
}

@misc{v-odess-01,
  author    = {Andr\'{a}s Varga},
  title     = {{The OMNeT++ Discrete Event Simulation System}},
  booktitle = {Proc. of the European Simulation Multiconference (ESM'01)},
  numpages  = {1--7},
  year      = {2003},
}

@ONLINE{omnet-15,
  title     = {{Omnet++ - Discrete Event Simulator}},
  month     = feb,
  year      = {2015},
  note      = {\url{http://www.omnetpp.org/}}
}

@ONLINE{ns3-15,
  title     = {{Network Simulator 3}},
  month     = feb,
  year      = {2015},
  note      = {\url{http://www.nsnam.org/}}
}

@article{gb-pmpcl-84,
  author    = {Gastwirth, JL and Bhattacharya, PK},
  title     = {{Two Probability Models of Pyramid or Chain Letter schemes demonstrating that their promotional claims are unreliable}},
  journal   = {Operations Research},
  volume    = {32},
  number    = {3},
  pages     = {527--536},
  year      = {1984},
  publisher = {INFORMS}
}

@book{a-dm-06,
  title={{Diskrete Mathematik}},
  author={Aigner, Martin},
  year={2006},
  publisher={Springer-Verlag}
}

@book{k-mfcn-12,
  title={{Mathematical Foundations of Computer Networking}},
  author={Keshav, Srinivasan},
  year={2012},
  publisher={Addison-Wesley}
}

@book{d-rt-10,
  title={{Random Trees: An Interplay between Combinatorics and Probability}},
  author={Drmota, Michael},
  year={2010},
  publisher={Springer Science \& Business Media}
}

@techreport{mhh-slhi-00,
  title={{A Scaling Law for the Hopcount in Internet}},
  author={Van Mieghem, Piet and Hooghiemstra, Gerard and van der Hofstad, Remco},
  year={2000},
  institution={Delft University of Technology}
}

@inproceedings{wbok-puscdicn-15,
  title={{Pro-Diluvian: Understanding Scoped-Flooding for Content Discovery in Information-Centric Networking}},
  author={Wang, Liang and Bayhan, Suzan and Ott, J{\"o}rg and Kangasharju, Jussi and Sathiaseelan, Arjuna and Crowcroft, Jon},
  booktitle={Proceedings of the 2nd International Conference on Information-Centric Networking},
  pages={9--18},
  year={2015},
  organization={ACM}
}

