@techreport{IEEE-754-19,
  author      = {{IEEE 754 Working Group}},
  title       = {{IEEE Standard for Floating-Point Arithmetic}},
  number      = {IEEE Std 754-2019 (Revision of IEEE Std 754-2008)},
  institution = {IEEE},
  pages       = {82},
  year        = {2019},
  address     = {New York, NY, USA},
  doi         = {10.1109/IEEESTD.2019.876622},
}

@INPROCEEDINGS{kih-rpite-15,
  author={David H.K. Kim and Connor Imes and Henry Hoffmann},
  booktitle={2015 IEEE 3rd International Conference on Cyber-Physical Systems, Networks, and Applications},
  title={{Racing and Pacing to Idle: Theoretical and Empirical Analysis of Energy Optimization Heuristics}},
  month={08},
  year={2015},
  pages={78-85},
  location={Hong Kong, China},
}
