@inproceedings{cl-ccabf-15,
  author = {Clucas, Robert and Levitt, Stephen},
  title = {{CAPP: A C++ Aspect-Oriented Based Framework for Parallel Programming with OpenCL}},
  booktitle = {Proc. of the 2015 Ann. Conf. on South African Institute of Computer Scientists and Information Technologists (SAICSIT '15)},
  year = {2015},
  location = {Stellenbosch, South Africa},
  pages = {10:1--10:10},
  publisher = {ACM},
  address = {New York, NY, USA},
  keywords = {Aspect, CAPP, Cross-cutting, Device, Host, Parallel},
}

@inproceedings{b-cfeci-09,
  author = {Breitbart, Jens},
  title = {{CuPP - A Framework for Easy CUDA Integration}},
  booktitle = {{Proc. of the 2009 IEEE International Symposium on Parallel \& Distributed Processing (IPDPS '09)}},
  year = {2009},
  pages = {1--8},
  publisher = {IEEE Computer Society},
  address = {Washington, DC, USA},
}

@inproceedings{gh-wdwyc-11,
  author = {Gregg, Chris and Hazelwood, Kim},
  title = {{Where is the Data? Why You Cannot Debate CPU vs. GPU Performance Without the Answer}},
  booktitle = {Proc. of the IEEE Intern. Symposium on Performance Analysis of Systems and Software (ISPASS '11)},
  year = {2011},
  pages = {134--144},
  publisher = {IEEE Computer Society},
  address = {Washington, DC, USA},
}


@article{nd-tgce-10,
  author = {Nickolls, John and Dally, William J.},
  title = {{The GPU Computing Era}},
  journal = {IEEE Micro},
  volume = {30},
  number = {2},
  year = {2010},
  pages = {56--69},
  publisher = {IEEE Computer Society}
}

@article{ohlgs-gc-08,
  author = {John D. Owens and Mike Houston and David Luebke and Simon Green and John E. Stone and James C. Phillips},
  title = {{GPU Computing}},
  journal = {Proceedings of the IEEE},
  volume = {96},
  number = {5},
  year = {2008},
  pages = {879--899},
  publisher = {IEEE Computer Society}
}

@book{s-oahag-11,
  author={Scarpino, M.},
  title={{OpenCL in Action: How to Accelerate Graphics and Computation}},
  year={2011},
  publisher={Manning Publications Company},
  address={Manning Publication Co., 20 Baldwin Road, Shelter Island, NY 11964}
}

@article{f-scote-72,
  author = {Flynn, Michael J.},
  title = {Some Computer Organizations and Their Effectiveness},
  journal = {IEEE Trans. Comput.},
  volume = {21},
  number = {9},
  month = {September},
  year = {1972},
  pages = {948--960},
  numpages = {13},
  publisher = {IEEE Computer Society},
  address = {Washington, DC, USA},
  keywords = {Computer organization, computer organization, instruction stream, overlapped, parallel processors, resource hierarchy},
}

@phdthesis{h-cm-85,
  title={{The Connection Machine}},
  author={Hillis, W. D.},
  year={1985},
  school={Department of Electrical Engineering and Computer Science, Massachusetts Institute of Technology}
}

@article{pww-immp-97,
  author = {Peleg, Alex and Wilkie, Sam and Weiser, Uri},
  title = {{Intel MMX for multimedia PCs}},
  journal = {Commun. ACM},
  issue_date = {Jan. 1997},
  volume = {40},
  number = {1},
  month = {January},
  year = {1997},
  pages = {24--38},
  numpages = {15},
  publisher = {ACM},
  address = {New York, NY, USA},
}

@manual{i-iaise-13,
  title={{Intel Architecture Instruction Set Extensions Programming Reference}},
  organization={Intel},
  author={Intel},
  edition={319433-015},
  year={2013},
  month={July},
}

@book{hp-caqa-12,
  author={John L. Hennessy and David A. Patterson},
  title={{Computer Architecture, A Quantitative Approach}},
  publisher={Morgan Kaufmann},
  year={2012},
  edition={Fifth}
}

@book{kh-pmpph-13,
  author={David B. Kirk and Wen-{mei} W. Hwu},
  title={{Programming Massively Parallel Processors, A Hands-on Approach}},
  publisher={Morgan Kaufmann},
  year={2013},
  edition={Second}
}

@inproceedings{fvs-cpcco-11,
  author={Jianbin Fang and Ana Lucia Varbanescu and Henk Sips},
  title={{A Comprehensive Performance Comparison of CUDA and OpenCL}},
  booktitle={{Parallel Processing (ICPP)}},
  year={2011},
  pages={216--225}
}

@inproceedings{b-ds-06,
  author = {Blythe, David},
  title = {{The Direct3D 10 System}},
  booktitle = {{ACM SIGGRAPH 2006 Papers}},
  series = {SIGGRAPH '06},
  year = {2006},
  location = {Boston, Massachusetts},
  pages = {724--734},
  numpages = {11},
  publisher = {ACM},
  address = {New York, NY, USA},
  keywords = {graphics systems, programmable graphics hardware, programmable shading},
}

@inproceedings{lkm-upve-01,
  author = {Lindholm, Erik and Kilgard, Mark J. and Moreton, Henry},
  title = {{A User-Programmable Vertex Engine}},
  booktitle = {{Proceedings of the 28th Annual Conference on Computer Graphics and Interactive Techniques}},
  series = {SIGGRAPH '01},
  year = {2001},
  pages = {149--158},
  numpages = {10},
  publisher = {ACM},
  address = {New York, NY, USA},
  keywords = {graphics hardware, graphics systems},
}

@misc{i-ixpcp-15,
  author={{Intel}},
  title={{Intel Xeon PhiTM Coprocessor x100 Product Family Datasheet}},
  howpublished={http://www.intel.com/content/www/us/en/processors/xeon/xeon-phi-coprocessor-datasheet.html},
  year={2017},
  month={February}
}

@inproceedings{hhs-ppaba-15,
  author={Harvey, Paul and Hentschel, Kristian and Sventek, Joseph},
  title={{Parallel Programming in Actor-Based Applications via OpenCL}},
  booktitle={{The 16th International Conference on Middleware}},
  month={December},
  year={2015},
  publisher={ACM},
  address={New York, NY, USA},
  location={Vancouver, BC, Canada},
}

@inproceedings{wstm-afera-12,
  author = {{Wienke, Sandra and Springer, Paul and Terboven, Christian and an Mey, Dieter}},
  title = {{OpenACC: First Experiences with Real-world Applications}},
  booktitle = {{Proceedings of the 18th International Conference on Parallel Processing}},
  series = {Euro-Par'12},
  year = {2012},
  location = {Rhodes Island, Greece},
  pages = {859--870},
  numpages = {12},
  publisher = {Springer-Verlag},
  address = {Berlin, Heidelberg},
}

@article{msw-ouaml-14,
  author={{Medina}, D.~S and {St-Cyr}, A. and {Warburton}, T.},
  title={{OCCA: A unified approach to multi-threading languages}},
  journal={ArXiv e-prints},
  keywords={Computer Science - Distributed, Parallel, and Cluster Computing},
  year={2014},
  month={March},
  adsurl={http://adsabs.harvard.edu/abs/2014arXiv1403.0968M},
  adsnote={Provided by the SAO/NASA Astrophysics Data System}
}

@article{kplci-ppsag-12,
  author = {{Kl{\"o}ckner}, Andreas and {Pinto}, Nicolas and {Lee}, Yunsup and {Catanzaro}, B. and {Ivanov}, Paul and {Fasih}, Ahmed },
  title = {{PyCUDA and PyOpenCL: A Scripting-Based Approach to GPU Run-Time Code Generation}},
  journal = {Parallel Computing},
  volume = {38},
  number = {3},
  pages = {157--174},
  year = {2012},
}

@inproceedings{fvdd-impps-13,
  author = {Fusco, Francesco and Vlachos, Michail and Dimitropoulos, Xenofontas and Deri, Luca},
  title = {{Indexing Million of Packets Per Second Using GPUs}},
  booktitle = {Proc. of the 2013 Conference on Internet Measurement Conference (IMC '13)},
  year = {2013},
  month = {October},
  location = {Barcelona, Spain},
  pages = {327--332},
  publisher = {ACM},
  address = {New York, NY, USA},
  keywords = {GPU, indexing, packet traces},
}

@inproceedings{boa-escws-09,
  author = {Billeter, Markus and Olsson, Ola and Assarsson, Ulf},
  title = {{Efficient Stream Compaction on Wide SIMD Many-core Architectures}},
  booktitle = {Proceedings of the Conference on High Performance Graphics 2009},
  series = {HPG '09},
  year = {2009},
  month = {August},
  location = {New Orleans, Louisiana},
  pages = {159--166},
  numpages = {8},
  publisher = {ACM},
  address = {New York, NY, USA},
  keywords = {CUDA, GPGPU, parallel sorting, prefix sum, stream compaction},
}

@inproceedings{sdbgr-pibsg-16,
  author = {Sorensen, Tyler and Donaldson, Alastair F. and Batty, Mark and Gopalakrishnan, Ganesh and Rakamari\'{c}, Zvonimir},
  title = {{Portable Inter-workgroup Barrier Synchronisation for GPUs}},
  booktitle = {Proceedings of the 2016 ACM SIGPLAN International Conference on Object-Oriented Programming, Systems, Languages, and Applications},
  series = {OOPSLA 2016},
  year = {2016},
  pages = {39--58},
  numpages = {20},
  publisher = {ACM},
  address = {New York, NY, USA},
  keywords = {GPU, OpenCL, barrier, portability, synchronisation},
}

@manual{hr-siodm-15,
  author={{Lee Howes and Maria Rovatsou}},
  title={{SYCL integrates OpenCL devices with modern C++}},
  organization={Khronos Group},
  howpublished={https://www.khronos.org/sycl},
  month={February},
  year={2017},
}

@misc{khron-15,
  author={{The Khronos Group}},
  title={{The Khronos Group}},
  howpublished={http://www.khronos.org/},
  year={2017},
  month={February}
}

@manual{os-toapi-13,
  author={{OpenACC-standard.org}},
  title={{The OpenACC Application Programming Interface}},
  howpublished={http://www.openacc.org/sites/default/files/OpenACC_2pt5.pdf},
  version={2.5},
  month={February},
  year={2017}
}

@manual{n-tcpbb-11,
  author={NVIDIA},
  title={{Tesla C2075 Computing Processor Board (Board Specification)}},
  howpublished={{http://www.nvidia.com/docs/IO/43395/BD-05880-001_v02.pdf}},
  version={BD-05880-001_v02},
  month={February},
  year={2017}
}

@misc{a-a-15,
  author={{AMD}},
  title={{Aparapi}},
  howpublished={http://aparapi.github.io},
  month={February},
  year={2017},
}

@manual{mh-tos-15,
  author = {Munshi, Aaftab and Howes, Lee},
  title = {{The OpenCL Specification}},
  organization = {Khronos OpenCL Working Group, Khronos Group},
  note = {{Version 2.0, Revision 29}},
  year = {2015},
  moth = {July},
  url = {https://www.khronos.org/registry/OpenCL/specs/opencl-2.0.pdf}
}
