%%%%%%%%%%%%%%%%%%%%%%%%%%%%%%%%%%%%%%%%%%%%%%%%%%%%%%%%%%%%%%%%%%%%%%%%%%
% Standards (odered by key / title)
%

@misc{acm-ccs,
	key ={ACM},
	title = {{ACM} {C}omputing {C}lassification {S}ystem},
	organization = {{A}ssociation for {C}omputing {M}achinery},
	howpublished = {http://www.acm.org/class/1998/},
	year=1998,
}

@techreport{adl-scorm,
	key = {SCORM},
	title = {{Sharable Content Object Reference Model (SCORM) 2004 3rd Edition}},
	month = {November},
	year = {2006},
	edition = {3rd Edition},
	institution = "The Advanced Distributed Learning (ADL) Initiative",
}

@techreport{ims-cp,
 key = {IMS-CP},
 title = "{IMS Content Packaging}",
 institution = {IMS Global Learning Consortium},
 month = {October},
 year = 2004,
 number = {Version 1.1.4},
 type = {Final Specification},
}

@techreport{cmhe-swbul-04,
 author = {Franck Coffield and David Moseley and Elaine Hall and Kathryn Ecclestone},
 title = {{Should we be using learning styles? What research has to say to practice}},
 year = "2004",
 institution = "The Learning and Skills Research Center",
 location = "London"
}

@misc{ddc,
	key = {DDC},
	title = {{D}ewey {D}ecimal {C}lassification {S}ystem},
	organization = {Online Computer Library Center, Inc},
	address = {6565 Frantz Rd. Dublin, Ohio 43017-3395 USA},
	howpublished = {http://www.oclc.org/dewey/},
	year=2005
}

@misc{oai,
  key= {OAI},
  title = {The Open Archives Initiative Protocol for Metadata Harvesting},
  organization = {Open Archive Initiative},
  howpublished = {http://www.openarchives.org/OAI/2.0/openarchivesprotocol.htm},
  month = "October",
  year = 2004
}

@techreport{ieee-lom-02,
  key = {LOM},
  editor = "Eric Duval",
  title = "Learning Object Meta-Data",
  type = "Draft Standard",
  institution = "IEEE",
  number = "1484.12.1",
  year = "2002",
  month = "July",
  howpublished = "http://ltsc.ieee.org/wg12/20020612-Final-LOM-Draft.html"
}

@misc{jena,
  key = {JENA},
  title = {Jena -- A Semantic Web Framework for Java},
  year = 2008,
  howpublished = {http://jena.sourceforge.net/}
}

@techreport{w3c-workers,
    author = {Ian Hickson},
    title = {{Web Workers}},
    institution = {{W}orld {W}ide {W}eb {C}onsortium},
    type = {{W3C} {C}andidate {R}ecommendation},
    year = 2012,
    month = {May},
    howpublished = {http://www.w3.org/TR/2012/CR-workers-20120501/}
}

@techreport{w3c-dom,
    author = {Arnaud Le Hors and Philippe Le HÃ©garet and Lauren Wood and Gavin Nicol and Jonathan Robie and Mike Champion and Steve Byrne},
    title = {{Document Object Model (DOM) Level 3 Core Specification}},
    institution = {{W}orld {W}ide {W}eb {C}onsortium},
    type = {{W3C} {R}ecommendation},
    year = 2004,
    month = {April},
    howpublished = {http://www.w3.org/TR/2004/REC-DOM-Level-3-Core-20040407/}
}

@techreport{w3c-html5,
    author = {Ian Hickson and Robin Berjon and Steve Faulkner and Travis Leithead and Erika Doyle Navara and Edward O'Connor and Silvia Pfeiffer},
    title = {{HTML5}},
    institution = {{W}orld {W}ide {W}eb {C}onsortium},
    type = {{W3C} {P}roposed {R}ecommendation},
    year = 2014,
    month = {September},
    howpublished = {http://www.w3.org/TR/2014/PR-html5-20140916/}
}

@techreport{w3c-rdf,
  key = {RDF},
  title = {{R}esource {D}escription {F}ramework ({RDF}): {C}oncepts and {A}bstract {S}yntax},
  institution = {{W}orld {W}ide {W}eb {C}onsortium},
  type = {{W3C} {R}ecommendation},
  year = 2004,
  month = {February},
  howpublished = {http://www.w3.org/TR/rdf-concepts/}
}

@techreport{w3c-sparql-08,
  key = {SPARQL},
  editor = {Eric Prud\'hommeaux and Andy Seaborne},
  title = {{SPARQL} {Q}uery {L}anguage for {RDF}},
  institution = {{W}orld {W}ide {W}eb {C}onsortium},
  type = {{W3C Recommendation}},
  year = 2008,
  month = {January},
  howpublished = {http://www.w3.org/TR/2008/REC-rdf-sparql-query-20080115/}
}
@TechReport{w3c-skos-09,
  key ={SKOS},
  author = 	 {Alistair Miles and Sean Bechhofer},
  title = 	 {{SKOS Simple Knowledge Organization System Reference}},
  institution =  {{W}orld {W}ide {W}eb {C}onsortium},
  type = {{W3C Recommendation}},
  year = 2009,
  month = "August",
  howpublished = {http://www.w3.org/TR/2009/REC-skos-reference-20090818/},
}

@TechReport{w3c-skos-vs,
  key ={SKOS},
  author = 	 {Alistair Miles and Dan Brickley},
  title = 	 {{SKOS} {C}ore {V}ocabulary {S}pecification},
  institution =  {{W}orld {W}ide {W}eb {C}onsortium},
  type = {{W3C} {E}ditor's {W}orking {D}raft 2},
  year = 2005,
  month = "November",
  howpublished = {http://www.w3.org/2004/02/skos/core/spec/}
}

@TechReport{w3c-skos-ext,
  key ={SKOSEXT},
  author = 	 {Alistair Miles and Dan Brickley},
  title = 	 {{SKOS} {E}xtensions {V}ocabulary {S}pecification},
  institution =  {{W}orld {W}ide {W}eb {C}onsortium},
  type = {{D}raft},
  year = 2005,
  howpublished = {http://www.w3.org/2004/02/skos/extensions/spec/2004-10-18.html}
}

@techreport{w3c-owl-04,
  key ={OWL},
  editor =  {Peter F. Patel--Schneider and Patrick Hayes and Ian Horrocks},
  title = 	 {{OWL} {W}eb {O}ntology {L}anguage: {S}emantics and {A}bstract {S}yntax},
  institution =  {{W}orld {W}ide {W}eb {C}onsortium},
  type = {{W3C} {R}ecommendation},
  year = 2004,
  month = {February},
  howpublished = {http://www.w3.org/TR/2004/REC-owl-semantics-20040210/}
}
@techreport{w3c-xpath-07,
  key ={XPath},
  editor = {Anders Berglund and Scott Boag and Don Chamberlin and Mary F. Fern\'andez and Michael Kay and Jonathan Robie and J\'er\^ome Sim\'eon},
  title = "{XML Path Language (XPath) 2.0}",
  institution =  {{W}orld {W}ide {W}eb {C}onsortium},
  type = {{W3C} {R}ecommendation},
  year = 2007,
  month = {January},
  howpublished = {http://www.w3.org/TR/2007/REC-xpath20-20070123/}
}
@techreport{w3c-xpointer-03,
  key ={XPointer},
  editor = {Paul Grosso and Eve Maler and Jonathan Marsh and Norman Walsh},
  title = "{XPointer Framework}",
  institution =  {{W}orld {W}ide {W}eb {C}onsortium},
  type = {{W3C} {R}ecommendation},
  year = 2003,
  month = {March},
  howpublished = {http://www.w3.org/TR/2003/REC-xptr-framework-20030325/}
}
@techreport{w3c-xlink-01,
  key ={XLink},
  editor = {Steve DeRose and Eve Maler and David Orchard},
  title = "{{XML Linking Language (XLink) Version 1.0}}",
  institution =  {{W}orld {W}ide {W}eb {C}onsortium},
  type = {{W3C} {R}ecommendation},
  year = 2001,
  month = {June},
  howpublished = {http://www.w3.org/TR/2001/REC-xlink-20010627/}
}
@techreport{w3c-hrsx-00,
  editor = {Ron Daniel Jr.},
  title = "{{Harvesting RDF Statements from XLinks}}",
  institution =  {{W}orld {W}ide {W}eb {C}onsortium},
  type = {{W3C} {N}ote},
  year = 2000,
  month = {September},
  howpublished = {http://www.w3.org/TR/2000/NOTE-xlink2rdf-20000929/}
}

@techreport{w3c-webcrypto,
  author = {David Dahl and Ryan Sleevi},
  title = {{W}eb {C}ryptography {API}},
  institution = {{W}orld {W}ide {W}eb {C}onsortium},
  type = {{W3C} {W}orking {D}raft},
  year = 2013,
  howpublished = {http://www.w3.org/TR/2013/WD-WebCryptoAPI-20130625/}
}

@techreport{w3c-webrtc,
  author = {Adam Bergkvist and Daniel C. Burnett and Cullen Jennings and Anant
  Narayanan},
  title = {{W}eb{RTC} 1.0: {R}eal-time {C}ommunication {B}etween {B}rowsers},
  institution = {{W}orld {W}ide {W}eb {C}onsortium},
  type = {{W3C} {W}orking {D}raft},
  year = 2013,
  howpublished = {http://www.w3.org/TR/2013/WD-webrtc-20130910/}
}

@techreport{w3c-xhr,
  author = {Anne van Kesteren and Julian Aubourg and Jungkee Song and Hallvord R. M. Steen},
  title = {{XMLHttpRequest Level 1}},
  institution = {{W}orld {W}ide {W}eb {C}onsortium},
  type = {{W3C} {W}orking {D}raft},
  year = 2014,
  howpublished = {http://www.w3.org/TR/2014/WD-XMLHttpRequest-20140130/}
}

@techreport{w3c-websocket,
  author = {Ian Hickson},
  title = {{The WebSocket API}},
  institution = {{World Wide Web Consortium}},
  type = {{W3C Candidate Recommendation}},
  year = 2012,
  howpublished = {http://www.w3.org/TR/2012/CR-websockets-20120920/}
}

@techreport{w3c-sse,
  author = {Ian Hickson},
  title = {{Server-Sent Events}},
  institution = {{World Wide Web Consortium}},
  type = {{W3C Candidate Recommendation}},
  year = 2012,
  howpublished = {http://www.w3.org/TR/2012/CR-eventsource-20121211/}
}

%
%%%%%%%%%%%%%%%%%%%%%%%%%%%%%%%%%%%%%%%%%%%%%%%%%%%%%%%%%%%%%%%%%%%%%%%%%%

%%%%%%%%%%%%%%%%%%%%%%%%%%%%%%%%%%%%%%%%%%%%%%%%%%%%%%%%%%%%%%%%%%%%%%%%%%
% Articles (ordered by author/year)
%

@article{b-awmt-45,
  author    = {Vannever Bush},
  title     = {{As We May Think}},
  year      = {1945},
  pages     = {101--108},
  journal   = {The Atlantic Monthly},
  month     = {July},
  number    = {1},
  volume    = {176},
}

@article{c-his-87,
  author    = {J. Conklin},
  title     = {{Hypertext: An Introduction and Survey}},
  journal   ={Computer},
  volume    = {20},
  number    = {9},
  pages     = {17--41},
  year      = {1987},
  publisher = {IEEE Computer Society},
  address   = {Los Alamitos, CA, USA},
}


@article{gnot-ucfwi-92,
 author = {Goldberg, David and Nichols, David and Oki, Brian M. and Terry, Douglas},
 title = {{Using Collaborative Filtering to Weave an Information Tapestry}},
 journal = {Commun. ACM},
 volume = {35},
 number = {12},
 month = {Dec.},
 year = {1992},
 pages = {61--70},
 publisher = {ACM},
 address = {New York, NY, USA},
}


@article{g-tapos-93,
  author    = {Thomas R. Gruber},
  title     = {{A Translation Approach to Portable Ontology Specifications}},
  journal   =  {Knowledge Acquisition},
  year      = {1993},
  volume    = {5},
  number    = {2},
  pages     = {199--220}
}

@article{l-rhm-89,
 author = {George P. Landow},
 title = {{The rhetoric of hypermedia: Some rules for authors}},
 journal = {Journ. of Comp. in Higher Education},
 year = 1989,
 volume = 1,
 number = 1,
 pages = {39--64}
}

@article{bhl-tsw-01,
 author = "Tim Berners-Lee and James Hendler and Ora Lassila",
 title = "{The Semantic Web}",
 journal = "{Scientific American}",
 month = "May",
 year = 2001,
}
@article{ehrc-lic-02,
 author = "Samhaa R. El-Beltagy and Wendy Hall and David De Roure and Leslie Carr",
 title = "{Linking in Context}",
 journal = "Journal of Digital Information",
 volume = 2,
 number = 3,
 year = 2002,
 url = "http://journals.tdl.org/jodi",
}
@article{ohr-hswra-02,
 author = "Jacco van Ossenbruggen and Lynda Hardman and Lloyd Rutledge",
 title = "{Hypermedia and the Semantic Web: A Research Agenda}",
 journal = "Journal of Digital Information",
 volume = 3,
 number = 1,
 year = 2002,
 url = "http://journals.tdl.org/jodi",
}
@article{sops-masw-06,
  author    = {Giorgos B. Stamou and
               Jacco van Ossenbruggen and
               Jeff Z. Pan and
               Guus Schreiber},
  title     = "{Multimedia Annotations on the Semantic Web}",
  journal   = {IEEE MultiMedia},
  volume    = {13},
  number    = {1},
  year      = {2006},
  pages     = {86--90},
}
@article{zjl-slnbi-04,
  author = "H. Zhuge and R. Jia and J. Liu",
  title = "{Semantic Link Network Builder and Intelligent Semantic Browser}",
  journal = "{Concurrency and Computation: Practice and Experience}",
  volume = 16,
  year = 2004,
  pages = "1453--1476",
  publisher = "Wiley",
}  

@article{hmk-pbesw-07,
 author = {David Huynh and Stefano Mazzocchi and David Karger},
 title = "{Piggy Bank: Experience the Semantic Web inside your web browser}",
 journal = {Web Semant.},
 volume = {5},
 number = {1},
 year = {2007},
 issn = {1570-8268},
 pages = {16--27},
 publisher = {Elsevier Science Publishers B. V.},
 address = {Amsterdam, The Netherlands},
 }

@article{dchh-bcsfo-09,
  author 	= {Hugh C. Davis and Leslie Carr and Jessie M.N. Hey and Yvonne Howard and David Millard and Debra Morris and Su White},
  title		= {{Bootstrapping a Culture of Sharing to Facilitate Open Educational Resources}},
  journal 	= {IEEE Transactions on Learning Technologies},
  volume 	= {3},
  number 	= {2},
  month		= {April},
  year 		= {2010},
  publisher 	= {IEEE Computer Society Press},
  address 	= {Los Alamitos, CA, USA},
}


@article{lstv-allsf-09,		
	author = {Carla Limongelli and Filippo Sciarrone and Marco Temperini and Giulia Vaste},
	title = {{Adaptive Learning with the LS-Plan System: A Field Evaluation}},
	journal ={IEEE Transactions on Learning Technologies},
	volume = {2},
	year = {2009},
	pages = {203-215},
	publisher = {IEEE Computer Society},
	address = {Los Alamitos, CA, USA}	
}

%
%%%%%%%%%%%%%%%%%%%%%%%%%%%%%%%%%%%%%%%%%%%%%%%%%%%%%%%%%%%%%%%%%%%%%%%%%%%
%%%%%%%%%%%%%%%%%%%%%%%%%%%%%%%%%%%%%%%%%%%%%%%%%%%%%%%%%%%%%%%%%%%%%%%%%%
% Educational Hypermedia - Articles 
%

@misc{tomorrow,
 key = {SpeakUp},
 title = "{Speak Up 2007 for Students, Teachers, Parents \& School Leaders}",
 organization = "Project Tomorrow",
 howpublished = "http://www.tomorrow.org",
 note = {Retrieved Sept. 1st, 2008},
 year = 2007,
}

@misc{p-dndi-01,
 author = {Marc Prensky},
 title = "{Digital Natives, Digital Immigrants}",
 note = "{Retrieved Jan. 20th, 2009}",
 howpublished = "http://www.marcprensky.com/writing/",
 year = 2001,
}

@article{a-lt-04,
 author = "Chris Anderson",
 title = "{The Long Tail}",
 journal = "WIRED Magazine",
 volume = 12,
 number = 10,
 month = "October",
 year = 2004,
}

@inproceedings{al-ddwgb-03,
 author     = {Sousan Arafeh and Douglas Levin},
 title      = {{The Digital Disconnect: The Widening Gap Between Internet-Savvy Students and Their Schools}},
 booktitle  = {Proceedings of Society for Information Technology and Teacher Education International Conference 2003},
 editor     = {C. Crawford et al.},
 year       = {2003},
 pages      = {1002--1007},
 address    = {Chesapeake, VA},
 publisher  = "AACE",
}
 
@inproceedings{ms-bw-07,
 author = "H. Maurer and Ch. Safran",
 title = "{Beyond Wikipedia}", 
 booktitle = {World Conference on Educational Multimedia, Hypermedia and Telecommunications (EDMEDIA)},
 editor = "C. Montgomerie and J. Seale",
 year = 2007,
 pages = "4444--4450",
 address = "Chesapeake, VA",
 publisher = "AACE",
}


@inproceedings{t-mlctf-05,
 author = "R. {Yu-Liang Ting}",
 title = "{Mobile Learning: current trend and future challenges}",
 booktitle = "5th IEEE Intern. Conf. on Advanced Learning Technologies (ICALT)",
 pages = "603--607",
 publisher = "IEEE Press",
 year = 2005,
}

@INPROCEEDINGS{hnm-mpcme-05,
 author={Holzinger, A. and Nischelwitzer, A. and Meisenberger, M.},
 booktitle={{Pervasive Computing and Communications Workshops, 2005. PerCom 2005 Workshops. Third IEEE International Conference on}},
 title={{Mobile phones as a Challenge for m-Learning: Examples for Mobile Interactive Learning Objects (MILOs)}},
 year={2005},
 month={march},
 pages={307--311},
}

@inproceedings{stv-ttml-05,
   author = {Sharples, M., Taylor, J., Vavoula, G.},
   title = {{Towards a Theory of Mobile Learning}},
   booktitle = {Mobile Technology: The Future of Learning in Your Hands, 4th World Conference on mLearning (mLearn 2005)},
   editor = {H. van der Merwe, T. Brown},
   location = {Cape Town},
   month = {October}, 
   year = 2005,
}

@Article{km-twhec-06,
  author =   "J. Kolbitsch and H. Maurer",
  title =    "{The Transformation of the Web: How Emerging Communities Shape the Information we Consume}",
  journal = "Journal of Universal Comp. Science (J.UCS)", 
  year = "2006", 
  volume = "12", 
  number = "2", 
  pages = "187--213", 
  month = " ", 
}


@article{gg-ehrf-05,
 author = {Francisco J. Garc\'ia and Joaqu\'n Garc\'ia},
 title = "{Educational Hypermedia Resource Facilitator}",
 journal = {Computers \& Education},
 year = 2005,
 month = {April},
 volume =44,
 number = 3,
 pages = {301--325}
}

@article{p-uarlo-03,
  author    = {Pithamber R. Polsani},
  title     = "{Use and Abuse of Reusable Learning Objects}",
  journal   = {J. Digit. Inf.},
  volume    = {3},
  number    = {4},
  year      = {2003},
  ee        = {http://jodi.ecs.soton.ac.uk/Articles/v03/i04/Polsani/},
}

@incollection{akt-pme-03,
 author = {P. Arnold and L. Kilian and A. Thillosen},
 title = "{P{\"a}dagogische Metadaten im eLearning}",
 editor = {M. Kerres and B. Vo\ss},
 booktitle = {Digitaler Campus},
 series = {Medien in der Wissenschaft},
 year = 2003,
 address = {M{\"u}nster},
 volume =24,
 pages = {}
}
@article{kk-sie-02,
 author = {S. Krause and R. Kortmann},
 title = {{Standardisierung im E-Learning oder Vom schleichenden Untergang der Didaktik}},
 journal = {Medienp{\"a}dagogic},
 year = 2002,
 month = {February},
 volume =02,
 number = 2,
 url = "http://www.medienpaed.com/02-2/krause\_kortmann1.pdf"
}
@book{w-iulo-02,
 author = {D. A. Wiley},
 title = "{The Instructional Use of Learning Objects}",
 publisher = {Agency for Instructional Technology : Association for Educational Communications \& Technology},
 address = {Bloomington},
 year = 2002
}
@book{bhm-cms-04,
 author = {Peter Baumgartner and Hartmut H{\"a}fele and Kornelia Maier--H{\"a}fele},
 title = "{Content Management Systeme in e--Education}",
 address = {Innsbruck},
 publisher = {StudienVerlag},
 year = 2004
}

@book{s-lll-03,
 author = {Cornelia Seeberg},
 title = "{Life Long Learning}",
 address = {Berlin, Heidelberg},
 publisher = {Springer Verlag},
 year = 2003
}
@book{s-iml-01,
 author = {Abdulmotaleb El Saddik},
 title = "{Interactive Multimedia Learning}",
 address = {Berlin, Heidelberg},
 publisher = {Springer Verlag},
 year = 2001
}

@phdthesis{w-lodst-00,
 author = "David A. Wiley", 
 title= "{Learning object design and sequencing theory}",
 school = "Brigham Young University",
 address = "Provo, UT",
 year = 2000,
 howpublished = "http://opencontent.org/docs/dissertation.pdf",
}


@inproceedings{fl-sb-03,
  author    = "Alexander Faaborg and Carl Lagoze",
  title     = "{Semantic Browsing}",
  booktitle = {European Conference on Research and Advanced Technology for Digital Libraries (ECDL 2003)},
  year      = {2003},
  pages     = {70--81},
  address   = "Trondheim, Norway",
  publisher = "Springer Verlag",
  series    = {LNCS},
  volume    = {2769},
}

@inproceedings{maklhds-gahcsw-03,
  author = 	 {David E. Millard and Harith Alani and Sanghee Kim and Mark J. Weal and Paul Lewis and Wendy Hall and David {De Roure} and Nigel Shadbolt},
  title = 	 "{Generating Adaptive Hypertext Content from the Semantic Web}",
  booktitle = {Proceedings of 1st International Workshop on Hypermedia and the Semantic Web},
  year = 	 2003,
  address = 	 {Nottingham, UK},
}

@inproceedings{chbg-clobo-01,
  author    = "Les Carr and Wendy Hall and Sean Bechhofer and Carole A. Goble",
  title     = "{Conceptual Linking: Ontology-Based Open Hypermedia}",
  booktitle = "Proceedings of the 10th International World Wide Web Conference",
  pages     = "334--342",
  publisher = "ACM Press",
  year      = "2001",
}

@inproceedings{msr-tisql-02,
  author = 	 {Miller, L. and Seaborne, A. and Reggiori, A.},
  editor = 	 {Horrocks, I. and Hendler, J.A.},
  title = 	 {{T}hree implementations of {S}quish{QL}, a simple {RDF} query language},
  booktitle = {{T}he {S}emantic {W}eb {ISWC} 2002, {P}roceedings},
  series = {LNCS},
  year = 	 2002,
  number = 	 2342,
  publisher = {Springer-Verlag},
  address = {Berlin / Heidelberg, Germany},
}




@article{gtlmsb-asihf-07,
	author = {Germanakos, P. and Tsianos, N. and Lekkas, Z. and Mourlas, C. and Samaras, G. and Belk, M.},
	title = {{An AdaptiveWeb System for Integrating Human Factors in the Personalization of Web-based Content}},
	year = {2007}		
}

@inproceedings{gtz-arsau-08,
	author={Gotardo, R.A. and Teixeira, C.A.C. and Zorzo, S.D.},
	title={{An approach to recommender system applying usage mining to predict users interests}},
	booktitle={Systems, Signals and Image Processing, 2008. IWSSIP 2008. 15th International Conference on}, 	
	year={2008},
	month={june},
	pages={113--116},		
}

@inproceedings{bks-esarp-08,
  title={{Ensuring Semantic Annotation and Retrieval within Pervasive E-Learning Systems}},
  author={Brut, M. and Kukhun, D. and Sedes, F.},
  booktitle={Complex, Intelligent and Software Intensive Systems, 2008. CISIS 2008. International Conference on},
  pages={959--964},
  year={2008},
  month = {March},
  publisher={IEEE Press},
  address   = {Piscataway, NJ, USA},
}


@article{tlgms-eauca-09,
	author={Tsianos, N. and Lekkas, Z. and Germanakos, P. and Mourlas, C. and Samaras, G.},
	title={{An Experimental Assessment of the Use of Cognitive and Affective Factors in Adaptive Educational Hypermedia}},
	journal={Learning Technologies, IEEE Transactions on}, 	
	year={2009},
	month = {jul},	
	volume={2},
	number={3},
	pages={249--258},
	publisher = {IEEE Computer Society Press},
	address = {Los Alamitos, CA, USA}
}

@article{bbfm-elspa-09,
	author={Brown, E.J. and Brailsford, T.J. and Fisher, T. and Moore, A.},
	title={{Evaluating Learning Style Personalization in Adaptive Systems: Quantitative Methods and Approaches}},
	journal={Learning Technologies, IEEE Transactions on}, 	
	year={2009},	
	month={jan-mar}, 
	volume={2},
	number={1},
	pages={10--22}
}


@article{dssd-imsdr-11,
	author = {Dorn, C. and Skopik, F. and Schall, D. and Dustdar, S.},
	title = {{Interaction Mining and Skill-dependent Recommendations for Multi-objective Team Composition}},	
	year = {2011},
	journal = {Data \& Knowledge Engineering},
	volume = 70,
	issue = 10,
	pages = {866--891},	
}

@article{fs-ltsee-88,
	author = {Felder, {R.M.} and Silverman, {L.K.}},
	title = {{Learning and teaching styles in engineering education}},
	volume = {78},
	number = {7},
	journal = {Engineering education},
	year = {1988},
	pages = {674--681}
}

@article{fs-lss-00,
  title={Learning styles and strategies},
  author={Felder, Richard M and Soloman, Barbara A},
  journal={At URL: http://www. engr. ncsu. edu/learningstyles/ilsweb. html},
  year={2000}
}


@article{vga-lsree-06,
	author = {Villaverde, {J.E.} and Godoy, D. and Amandi, A.},
	title = {{Learning styles' recognition in e-learning environments with feed-forward neural networks}},
	volume = {22},
	number = {3},
	journal = {Journal of Computer Assisted Learning},	
	year = {2006},
	month = jun,
	pages = {197--206}
}

@Inproceedings{h-midci-09,
	author = {Hui, B.},
	title = {{Modeling Individual Decision for Collaboration and Implications for Intelligent Assistance}},
	booktitle = {Workshop on Individual and Group Adaptation in Collaborative Learning Environments, at the 3rd European Conference on Technology Enhanced Learning (EC-TEL 2008)},
	year = {2008},
	pages={13--27}	
}

@Inproceedings{rtb-prcda-11,
	title = {{Productive re-use of CSCL data and analytic tools to provide a new perspective on group cohesion}},
	author = {Reffay, C. and Teplovs, C. and Blondel, {F.M.} and others},
	booktitle = {Proc. of 9th Int. Conf. on Computer-Supported Collaborative Learning (CSCL2011)},	
	year = {2011},
	month = jul,
	pages = {846--850}	
}


@article{acmop-ilssg-06,
	author = {Alfonseca, Enrique and Carro, Rosa M. and Mart\EDn, Estefan\\B4{i}a and Ortigosa, Alvaro and Paredes, Pedro},
	title = {{The impact of learning styles on student grouping for collaborative learning: a case study}},
	volume = {16},
	journal = {User Modeling and {User-Adapted} Interaction},
	month = sep,
	year = {2006},
	pages = {377--401}
}

@incollection{sspc-tisgd-08,
	author = {Spada, Danilo and S\'{a}nchez-Monta\~{n}\'{e}s, Manuel and Paredes, Pedro and Carro, Rosa},
	title = {{Towards Inferring Sequential-Global Dimension of Learning Styles from Mouse Movement Patterns}},
	series = {Lecture Notes in Computer Science},
	booktitle = {Adaptive Hypermedia and Adaptive {Web-Based} Systems},
	publisher = {Springer Berlin / Heidelberg},		
	year = {2008},	
	pages = {337--340}
}

@inproceedings{tms-evacc-05,
 author = {Tscholl, Michael and McCarthy, John and Scholl, Jeremiah},
 title = {{The effect of video-augmented chat on collaborative learning with cases}},
 booktitle = {Proc. of th 2005 conf. on Computer support for collaborative learning: learning 2005: the next 10 years!},
 series = {CSCL '05},
 year = {2005},
 location = {Taipei, Taiwan},
 pages = {682--686},
 publisher = {International Society of the Learning Sciences} 
} 



@article{ynzkm-cpful-08,
	author = {Yu, Z. and Nakamura, Y. and Zhang, D. and Kajita, S. and Mase, K.},
	title = {{Content provisioning for ubiquitous learning}},
	volume = {7},
	number = {4},
	journal = {Pervasive Computing, IEEE},	
	year = {2008},
	month={oct.-dec. },
}

@article{y-caule-06,
	author = {Yang, {S.J.H.}},
	title = {{Context aware ubiquitous learning environments for peer-to-peer collaborative learning}},
	volume = {9},
	number = {1},
	journal = {Educational Technology \& Society},
  year = {2006},
  volume = {2006},
  pages = {188--201}
}

@inproceedings{hch-cauel-07,
	title = {{Context-aware ubiquitous English learning in a campus environment}},
	booktitle = {Advanced Learning Technologies, 2007. {ICALT} 2007. Seventh {IEEE} International Conference on},
	author = {Hsieh, {H.C.} and Chen, {C.M.} and Hong, {C.M.}},
	year = {2007},
	month={jul}, 
	pages = {351\96353}
}

@inproceedings{zj-rocss-05,
	title = {{Research on Collaborative Service Solution in Ubiquitous Learning Environment}},
	booktitle = {Parallel and Distributed Computing, Applications and Technologies, 2005. {PDCAT} 2005. Sixth International Conference on},
	author = {Zhang, G. and Jin, Q.},
	year = {2005},
	month={dec},
	pages = {804\96806}
}

@inproceedings{sk-uctfu-05,
	author = {Sakamura, K. and Koshizuka, N.},
	title = {{Ubiquitous computing technologies for ubiquitous learning}},
	booktitle = {Wireless and Mobile Technologies in Education, 2005. {WMTE} 2005. {IEEE} International Workshop on},	
	year = {2005},
	month={Nov.}, 
  pages = {11--20}
}

%%%%%%%%%%%%%%%%%%%%%%%%%%%%%%%%%%%%%%%%%%%%%%%%%%%%%%%%%%%%%%%%%%%%%%%%%%%
% Online Social Network 

@article{mk-sni-13,
  title={{Social networks on the internet}},
  author={Musia{\l}, Katarzyna and Kazienko, Przemys{\l}aw},
  journal={World Wide Web},
  volume={16},
  number={1},
  pages={31--72},
  year={2013},
  publisher={Springer}
}



@inproceedings{mmgdb-maosn-07,
  author = {Alan Mislove and Massimiliano Marcon and Krishna P. Gummadi and Peter Druschel and Bobby Bhattacharjee},
  title = {{Measurement and Analysis of Online Social Networks}},
  booktitle = {Proceedings of the 5th ACM/Usenix Internet Measurement Conference (IMC'07)},
  address = {San Diego, CA},
  month = {October},
  year = {2007}
}
 


@inproceedings{ffl-lwifu-12,
 author = {Fang, Lujun and Fabrikant, Alex and LeFevre, Kristen},
 title = {{Look Who I Found: Understanding the Effects of Sharing Curated Friend Groups}},
 booktitle = {Proceedings of the 3rd Annual ACM Web Science Conference},
 series = {WebSci '12},
 year = {2012},
 isbn = {978-1-4503-1228-8},
 location = {Evanston, Illinois},
 pages = {95--104},
 numpages = {10},
 publisher = {ACM},
 address = {New York, NY, USA},
 keywords = {Google+, circle sharing, social network},
} 

@article{xt-scft-09,
  author= "Xiaoyuan Su and Taghi M. Khoshgoftaar", 
  title = {{A Survey of Collaborative Filtering Techniques}},
  journal = {Advances in Artificial Intelligence}, 
  volume =  2009, 
  number =  421425,
  year =  2009,
}


@article{aa-hssn-05,
    author = {Lada A. Adamic and Eytan Adar},
    title = {{How To Search a Social Network}},
    journal = {Social Networks},
    year = {2005},
    volume = {27},
}

@inproceedings{acho-ssduu-09,
 author = {Amitay, Einat and Carmel, David and Har'El, Nadav and Ofek-Koifman, Shila and Soffer, Aya and Yogev, Sivan and Golbandi, Nadav},
 title = {{Social search and discovery using a unified approach}},
 booktitle = {Proceedings of the 20th ACM conference on Hypertext and hypermedia},
 series = {HT '09},
 year = {2009},
 location = {Torino, Italy},
 pages = {199--208},
 publisher = {ACM},
 address = {New York, NY, USA},
} 

@inproceedings{ag-sncmt-11,
	author = {Arndt, T. and Guercio, A.},
	title = {{Social Network-Based Course Material Transformations For A Personalized And Shared Ubiquitous E-Learning Experience}},
    booktitle = {The 5th int. conf. on Mobile Ubiquitous Computing, Systems, Services and Technologies (UBICOMM 2011)},	
	year = {2011},
	pages = {218--222}
}

@article{alph-spn-01,
  author = {L. A. Adamic and R. M. Lukose and A. R. Puniyani and B. A. Huberman},
  title = {{Search in Power-Law Networks}},
  journal = {PHYS.REV.E},
  volume = {64},
  year = {2001}
}

@article{be-snsdhs-08,
	author = {Boyd, Danah M. and Ellison, Nicole B.},
	title = {{Social Network Sites: Definition, History, and Scholarship}},
	journal = {Journal of Computer-Mediated Communication},
	month = {October},
	number = {1},
	pages = {210--230},
	volume = {13},
	year = {2008},
}

@inproceedings{bl-srwpr-11,
	 author = {Backstrom, Lars and Leskovec, Jure},
	 title = {{Supervised random walks: predicting and recommending links in social networks}},
	 booktitle = {Proceedings of the fourth ACM international conference on Web search and data mining},
	 series = {WSDM '11},
	 year = {2011},
	 location = {Hong Kong, China},
	 pages = {635--644},
	 publisher = {ACM},
	 address = {New York, NY, USA},
} 

@inproceedings{cvr-fatil-09,
	 author = {Cloete, Sonja and de Villiers, Carina and Roodt, Sumarie},
	 title = "{Facebook as an academic tool for ICT lecturers}",
	 booktitle = {Proceedings of the 2009 Annual Conference of the Southern African Computer Lecturers' Association (SACLA)},
	 year = {2009},
	 location = {Eastern Cape, South Africa},
	 pages = {16--22},
	 publisher = {ACM},
	 address = {New York, NY, USA},
}  

@inproceedings{dg-ilssb-09,
	author = {Michael Derntl and Sabine Graf},
	title = {{Impact of Learning Styles on Student Blogging Behavior}},
        booktitle = {Ninth IEEE International Conference on Advanced Learning Technologies (ICALT)},	
	pages = {369--373},
	year = {2009},
	publisher = {IEEE Press},
        address   = {Piscataway, NJ, USA},
}


@article{esl-bddsccsuosns-07,
	author = {Ellison, Nicole B. and Steinfield, Charles and Lampe, Cliff},
	title = {{The Benefits of Facebook ``Friends:'' Social Capital and College Students' Use of Online Social Network Sites}},
	journal = {Journal of Computer-Mediated Communication},
	month = "July",
	volume = {12},
	year = {2007},
	number = {4},
	pages = {1143--1168},
	url = {http://blackwell-synergy.com/doi/abs/10.1111/j.1083-6101.2007.00367.x},
	doi = {10.1111/j.1083-6101.2007.00367.x},
	file = {../papers/esl-bddsccsuosns-07.pdf},
	issn = {10836101}
}

@inproceedings{fjps-msnub-11,
	author = {Foudalis, I. and Jain, K. and Papadimitriou, C. and Sideri, M.},
	title = {{Modeling Social Networks through User Background and Behavior}},
	booktitle = {Proc. of the 8th int. conf. on Algorithms and models for the web graph (WAW'11)},	
	year = {2011},
	pages = {85--102}
}

@article{fs-arvil-05,
	 author = {R. M. Felder and J. Spurlin},
	 title = {{Applications, Reliability and Validity of the Index of Learning Styles}},
	 journal = {Int. J. Engng Ed.},
	 volume = {21},
	 number = {1},
	 pages = {103-112},
	 year = {2005}
}

@inproceedings{hsf-ssln-11,
	 author = {Khaled Halimi, Hassina Seridi, Catherine Faron-Zucker},
	 title = {{Solearn: A Social Learning Network}},
	 booktitle = {International Conference on Computational Aspects of Social Networks (CASoN)},
	 year = {2011},
	 pages = {130--135},
	publisher = {IEEE Press},
        address   = {Piscataway, NJ, USA},
}

@inproceedings{kbhc-tcshg-12,
  title={{Talking in circles: Selective sharing in google+}},
  author={Kairam, Sanjay and Brzozowski, Mike and Huffaker, David and Chi, Ed},
  booktitle={Proceedings of the 2012 ACM annual conference on Human Factors in Computing Systems},
  pages={1065--1074},
  year={2012},
  organization={ACM}
}

@article{km-cbaek-06,
 author = "J. Kolbitsch and H. Maurer",
 title = "{Community Building around Encyclopaedic Knowledge}",
 journal = "Journal of Computing and Information Technology (CIT)",
 volume = 14,
 number = 3,
 pages = "175--190",
 month = "September",
 year = 2006,
}

@inproceedings{lkf-gtdls-05,
	author = {J. Leskovec and J. Kleinberg and C. Faloutsos. },
	title = {{Graphs over Time: Densification Laws, Shrinking Diameters and Possible Explanations}},
    booktitle = {ACM SIGKDD International Conference on Knowledge Discovery and Data Mining},	
	year = {2005},
  pages = {177--187}
}

@inproceedings{mcsca-nkbeg-12,
 author = {Magno, Gabriel and Comarela, Giovanni and Saez-Trumper, Diego and Cha, Meeyoung and Almeida, Virgilio},
 title = {{New kid on the block: exploring the google+ social graph}},
 booktitle = {Proceedings of the 2012 ACM conference on Internet measurement conference},
 series = {IMC '12},
 year = {2012},
 pages = {159--170},
 numpages = {12},
 publisher = {ACM},
 address = {New York, NY, USA},
 keywords = {geo-location, google+, online social network},
} 


@inproceedings{ml-ldsce-12,
  title={{Learning to discover social circles in ego networks}},
  author={McAuley, Julian and Leskovec, Jure},
  booktitle={Advances in Neural Information Processing Systems 25},
  pages={548--556},
  year={2012}
}


@inproceedings{sdhs-dcopetaffs-09,
	 author = {Sas, Corina and Dix, Alan and Hart, Jennefer and Su, Ronghui},
	 title = "{Dramaturgical capitalization of positive emotions: the answer for Facebook success?}",
	 booktitle = {Proceedings of the 23rd British HCI Group Annual Conference on People and Computers: Celebrating People and Technology},
	 series = {BCS-HCI '09},
	 year = {2009},
	 location = {Cambridge, United Kingdom},
	 pages = {120--129},
	 url = {http://portal.acm.org/citation.cfm?id=1671011.1671025},
	 publisher = {British Computer Society},
	 address = {Swinton, UK, UK},
	 keywords = {Facebook social networking site, diary study, experience design, memorable experiences, positive emotions, user experience}
} 

@inproceedings{scwzh-mgmsn-10,
	 author = {Sala, Alessandra and Cao, Lili and Wilson, Christo and Zablit, Robert and Zheng, Haitao and Zhao, Ben Y.},
	 title = {{Measurement-calibrated graph models for social network experiments}},
	 booktitle = {Proceedings of the 19th international conference on World wide web},
	 series = {WWW '10},
	 year = {2010},
	 isbn = {978-1-60558-799-8},
	 location = {Raleigh, North Carolina, USA},
	 pages = {861--870},
	 numpages = {10},
	 publisher = {ACM},
	 address = {New York, NY, USA},
} 

@inproceedings{sjk-mcismn-09,
	 author = {Singh, Vivek K. and Jain, Ramesh and Kankanhalli, Mohan S.},
	 title = {{Motivating contributors in social media networks}},
	 booktitle = {Proceedings of the first SIGMM workshop on Social media},
	 series = {WSM '09},
	 year = {2009},
	 pages = {11--18},
	 url = {http://doi.acm.org/10.1145/1631144.1631149},
	 doi = {http://doi.acm.org/10.1145/1631144.1631149},
	 publisher = {ACM},
	 address = {New York, NY, USA},
	 isbn = {978-1-60558-759-2},
	 location = {Beijing, China},
	 keywords = {game theory, motivation, social media, user behavior},
	 file = {../papers/acm-mcismn-09.pdf}
}

@inproceedings{sssus-tbosg-12,
  title={Tracing the birth of an OSN: Social Graph and Profile Analysis in Google+},
  author={Schi{\"o}berg, Doris and Schmid, Stefan and Schneider, Fabian and Uhlig, Steve and Schi{\"o}berg, Harald and Feldmann, Anja},
  booktitle={Proceedings of the 3rd Annual ACM Web Science Conference},
  pages={265--274},
  year={2012},
  organization={ACM}
}

@inproceedings{sz-ftrbc-08,
 author = {Sigurbj\"{o}rnsson, B\"{o}rkur and van Zwol, Roelof},
 title = {{Flickr tag recommendation based on collective knowledge}},
 booktitle = {Proceedings of the 17th international conference on World Wide Web},
 series = {WWW '08},
 year = {2008},
 location = {Beijing, China},
 pages = {327--336},
 numpages = {10},
 publisher = {ACM},
 address = {New York, NY, USA}
} 


@article{odm-fsge-09,
	author = {Asma Ounnas and Hugh C Davis and David E Millard},
	title = {{A Framework for Semantic Group Formation in Education}},
	journal = {Educational Technology \& Society},
	volume = {12},
	year = {2009},
	number = {4},
	pages = {43--55},
}

@INPROCEEDINGS{odm-tsgf-07,
	author={Ounnas, A. and Davis, H.C. and Millard, D.E.},
	title={{Towards Semantic Group Formation}},
	booktitle={Advanced Learning Technologies, ICALT 2007. Seventh IEEE International Conference on}, 
	year={2007},
	month={july},
	pages={825 -827}
}

@book{rm-pln-11,
  title={Personal Learning Networks: Using the Power of Connections to Transform Education},
  author={Richardson, Will and Mancabelli, Rob},
  year={2011},
  publisher={Solution Tree Press}
}

@inproceedings{rmf-stbcd-08,
 author = {Rodrigues, Eduarda Mendes and Milic-Frayling, Natasa and Fortuna, Blaz},
 title = {{Social Tagging Behaviour in Community-Driven Question Answering}},
 booktitle = {Proc. of the 2008 IEEE/WIC/ACM International Conference on Web Intelligence and Intelligent Agent Technology - Volume 01},
 year = {2008},
 pages = {112--119},
 publisher = {IEEE Computer Society},
 address = {Washington, DC, USA},
}

@article{v-tsle-08, 
	author={Vassileva, J.}, 
	journal={Learning Technologies, IEEE Transactions on}, 
	title={{Toward Social Learning Environments}}, 
	year={2008}, 
	month={oct.-dec. }, 
	volume={1}, 
	number={4}, 
	pages={199 -214}, 
	ISSN={1939-1382},
}

@article{w-gypln-09,
    author = {Warlick, David},
    journal = {Learning \& Leading with Technology},
    month = mar,
    pages = {12--16},
    title = {{Grow Your Personal Learning Network}},
    volume = {March/April},
    year = {2009}
}

@inproceedings{wbl-ycshg-12,
 author = {Watson, Jason and Besmer, Andrew and Lipford, Heather Richter},
 title = {{+Your Circles: Sharing Behavior on Google+}},
 booktitle = {Proceedings of the Eighth Symposium on Usable Privacy and Security},
 series = {SOUPS '12},
 year = {2012},
 pages = {12:1--12:9},
 publisher = {ACM},
 address = {New York, NY, USA},
} 


@inproceedings{yl-dencg-12,
    author = {Yang, Jaewon and Leskovec, Jure},
    title = {{Defining and Evaluating Network Communities based on Ground-truth}},
    booktitle = {Proceedings of the ACM SIGKDD Workshop on Mining Data Semantics},
    series = {MDS '12},
    year = {2012},
    location = {Beijing, China},
    pages = {3:1--3:8},
    publisher = {ACM},
    address = {New York, NY, USA},
} 

@inproceedings{za-sesns-05,
	author = {Zhang, Jun and Ackerman, Mark S.},
	title = {{Searching for expertise in social networks: a simulation of potential strategies}},
	booktitle = {Pro. of the 2005 int. ACM SIGGROUP conf. on Supporting group work},
	series = {GROUP '05},
	year = {2005},
	isbn = {1-59593-223-2},
	pages = {71--80},
	numpages = {10},
 } 

@article{bp-alshw-98,
  title={{The anatomy of a large-scale hypertextual Web search engine}},
  author={Brin, Sergey and Page, Lawrence},
  journal={Computer networks and ISDN systems},
  volume={30},
  number={1},
  pages={107--117},
  year={1998},
  publisher={Elsevier}
}

@article{hsg-pcrry-10,
  title={The 3A Personalized, Contextual and Relation-based Recommender System.},
  author={El Helou, Sandy and Salzmann, Christophe and Gillet, Denis},
  journal={J. UCS},
  volume={16},
  number={16},
  pages={2179--2195},
  year={2010}
}

@inproceedings{gxhms-esanm-12,
  title={{Evolution of Social-Attribute Networks: Measurements, Modeling, and Implications using Google+}},
  author={Gong, Neil Zhenqiang and Xu, Wenchang and Huang, Ling and Mittal, Prateek and Stefanov, Emil and Sekar, Vyas and Song, Dawn},
  booktitle={Proceedings of the 2012 ACM conference on Internet measurement conference},
  pages={131--144},
  year={2012},
  organization={ACM}
}

@article{lldm-cslnn-08,
  author    = {Jure Leskovec and Kevin J. Lang and Anirban Dasgupta and Michael W. Mahoney},
  title     = {{Community Structure in Large Networks: Natural Cluster Sizes and the Absence of Large Well-Defined Clusters}},
  journal   = {CoRR},
  volume    = {abs/0810.1355},
  year      = {2008},
}

@INPROCEEDINGS{wc-tehdb-89, 
	author={Yen-Chuen Wei and Chung-Kuan Cheng}, 
	booktitle={Computer-Aided Design, 1989. ICCAD-89. Digest of Technical Papers., 1989 IEEE International Conference on}, 
	title={{Towards efficient hierarchical designs by ratio cut partitioning}}, 
	year={1989}, 
	pages={298-301}, 
	keywords={circuit layout CAD;Kernighan-Lin algorithm;NP-complete;clustering structures;fast heuristic algorithm;hierarchical designs;linear programming;multicommodity flow problem;ratio cut partitioning;Circuits;Clustering algorithms;Computer science;Costs;Design engineering;Partitioning algorithms;Pins;Process design;Silicon;Very large scale integration}, 
	doi={10.1109/ICCAD.1989.76957},
}

@incollection{vl-esgrs-05,
  title={{Efficient and simple generation of random simple connected graphs with prescribed degree sequence}},
  author={Viger, Fabien and Latapy, Matthieu},
  booktitle={Computing and Combinatorics},
  pages={440--449},
  year={2005},
  publisher={Springer}
}

@inproceedings{gcmrc-ggden-13,
 author = {Gonzalez, Roberto and Cuevas, Ruben and Motamedi, Reza and Rejaie, Reza and Cuevas, Angel},
 title = {{Google+ or Google-?: Dissecting the Evolution of the New OSN in Its First Year}},
 booktitle = {Proceedings of the 22Nd International Conference on World Wide Web},
 series = {WWW '13},
 year = {2013},
 location = {Rio de Janeiro, Brazil},
 pages = {483--494},
 numpages = {12},
 publisher = {International World Wide Web Conferences Steering Committee},
 address = {Republic and Canton of Geneva, Switzerland},
} 

@inproceedings{bac-gcptb-15,
  title={{Google+ Communities as Plazas and Topic Boards}},
  author={Brzozowski, Michael J and Adams, Phil and Chi, Ed H},
  booktitle={Proceedings of the 33rd Annual ACM Conference on Human Factors in Computing Systems},
  pages={3779--3788},
  year={2015},
  organization={ACM}
}

@book{krkbc-bsoc-12,
  title={{Building successful online communities: Evidence-based social design}},
  author={Kraut, Robert E and Resnick, Paul and Kiesler, Sara and Burke, Moira and Chen, Yan and Kittur, Niki and Konstan, Joseph and Ren, Yuqing and Riedl, John},
  year={2012},
  publisher={MIT Press}
}

@article{lp-csoc-98,
  title={{Classification schema for online communities}},
  author={Lazar, Jonathan and Preece, Jenny},
  journal={AMCIS 1998 Proceedings},
  pages={30},
  year={1998}
}

@book{s-hce-08,
  title={{Here comes everybody: The power of organizing without organizations}},
  author={Shirky, Clay},
  year={2008},
  publisher={Penguin}
}

@article{ghsrb-atffb-09,
  author = {Charlotte N. Gunawardena and Mary Beth Hermans and Damien Sanchez and Carol Richmond and Maribeth Bohley and Rebekah Tuttle },
  title = {{A theoretical framework for building online communities of practice with social networking tools}},
  journal = {Educational Media International},
  volume = {46},
  number = {1},
  pages = {3-16},
  year = {2009}
}

@book{p-ocdus-00,
 author = {Preece, Jenny},
 title = {Online Communities: Designing Usability and Supporting Socialbilty},
 year = {2000},
 isbn = {0471805998},
 edition = {1st},
 publisher = {John Wiley \& Sons, Inc.},
 address = {New York, NY, USA},
} 

@article{lw-seisn-71,
  title={{Structural equivalence of individuals in social networks}},
  author={Lorrain, Francois and White, Harrison C},
  journal={The Journal of mathematical sociology},
  volume={1},
  number={1},
  pages={49--80},
  year={1971},
  publisher={Taylor \& Francis}
}




%
%%%%%%%%%%%%%%%%%%%%%%%%%%%%%%%%%%%%%%%%%%%%%%%%%%%%%%%%%%%%%%%%%%%%%%%%%%%

@misc{wikipedia,
 key = "Wiki",
 title = "{Wikipedia. The Free Encyclopedia}",
 howpublished = "http://www.wikipedia.org",
 organization = "Wikimedia Foundation",
 address = "San Francisco, CA, USA",
 year = 2009,
}

@misc{meyers,
 key = "Meyers",
 title = "Meyers Lexikon Online",
 organization = "Brockhaus Verlag",
 address = "Mannheim, Germany",
 howpublished = "http://lexikon.meyers.de",
 year = 2009,
}

@techreport{rt-wwdms-07,
 author = "Lee Rainie and Bill Tancer",
 title = "{Wikipedia: When in Doubt, Multitudes Seek It Out}",
 institution = {PewResearchCenter},
 address = {Washington, DC},
 year =  {2007},
 month = {April},
 howpublished =  {http://pewresearch.org/pubs/460/wikipedia},
}

@article{lzmy-yppuw-08,
 author = "Brendan Luyt and Chia Zuhaila Bte Chia Zainal and Olivia Victoria Petines Mayo and Tan Siow Yun",
 title = "{Young people's perceptions and usage of Wikipedia}",
 journal = "information research",
 volume = 13,
 number = 4,
 year = 2008,
 month = "December",
}

@inproceedings{b-s2-07,
 author = "Norbert Bolz",
 title = "{Studieren 2.0}",
 booktitle = "Medienarchiv der GMW'07",
 address = "Hamburg, Germany",
 year = 2007,
 howpublished = "http://webapp5.rrz.uni-hamburg.de/gmw07/Daten/GMW07-Bolz.mov",
}

@MISC{b-iwlim-02,
  author = {Muniram Budhu},
  title = {{Interactive web-based learning using interactive multimedia simulations}},
  booktitle = {Proc. of International Conference on Engineering Education (ICEE 2002)},
  year = {2002}
}

@inproceedings{sd-icsa-04,
  author = {N. Stash and P. De Bra},
  title = {{Incorporating Cognitive Styles in AHA! (The Adaptive Hypermedia Architecture)}},
  booktitle = {Proc. of the IASTED International Conference Web-Based Education},
  year = {2004},
  pages = {378--383},
  month = {2}
}

@INPROCEEDINGS{pmr-iatle-02,
    author = {Clara-In{\'e}s Pe{\~n}a and Jose-L Marzo and Josep-Lluis Rosa},
    title = {{Intelligent Agents in a Teaching and Learning Environment on the Web}},
    booktitle = {Proc. of International Conference on Advanced Learning Technologies (ICALT2002)},
    year = {2002},
    pages = {21--27}
}

@inproceedings{k-mmeks-08,
 author = "Bernd Kreissig",
 title = "{Modelling and Managing Encyclopedic Knowledge with Semantic Technologies}",
 booktitle = "Intern. Conference on Interactive Computer Aided Learning (ICL)",
 address = "Villach, Austria",
 year = 2008,
 howpublished = "Keynote",
}

@InBook{r-ir79,
  author = {C. J. van Rijsbergen},
  title = {{I}nformation {R}etrieval},
  chapter =  {3},
  publisher =  {Department of Computing Science, University of Glasgow},
  year = 1979,
  edition = {2},
}

@inproceedings{mza-acsadls01,
  author    = {Kurt Maly and Mohammad Zubair and Hesham Anan},
  title     = "{An Automated Classification System and Associated Digital Library Services}",
  booktitle = {NDDL},
  publisher = {ICEIS Press},
  isbn      = {972-98050-4-0},
  year      = {2001},
  pages     = {113--126}
}

@Misc{speex-codec,
  key =  {SPC},
  title = {Speex - a free codec for free speech},
  year =  {2008},
  howpublished  =  {http://www.speex.org}
}

@TechReport{jsgf-98,
  key =	{JSG},
  title = {{J}ava {S}peech {G}rammar {F}ormat {S}pecification},
  institution = {{S}un {M}icrosystems {I}nc.},
  address = {901 San Antonio Road, Palo Alto, California 94303 U.S.A.},
  year =  {1998},
  month = {10},
  number= {1.0},
  howpublished =  {http://java.sun.com/products/java-media/speech/forDevelopers/JSGF.pdf},
}
@inproceedings{ps-siqf-04,
  author = "Rosanne J. Price and Graeme Shanks",
  title = {A Semiotic Information Quality Framework},
  booktitle = "Proc. of IFIP International Conference on Decision Support Systems (DSS2004): Decision Support in an Uncertain and Complex World",
  year = 2004,
  month = "July",
  address = "Prato",
  pages = "658--672",
}

@INPROCEEDINGS{nktvmd-ueloi-04,
  AUTHOR = "Jehad Najjar and Joris Klerkx and Stefaan Ternier and Katrien Verbert and Michael Meire and Erik Duval",
  TITLE = {{U}sability evaluation of learning object indexation: the {ARIADNE} experience},
  BOOKTITLE = {{P}roceedings of the 3rd european conference on e-learning 2004},
  YEAR = {2004},
  EDITORS = {Remenyi, D.},
  PAGES = {281--290},
  ORGANIZATION = {Academic Conferences International},
  PUBLISHER = {ACI},
}

@inproceedings{od-ucamr-06,
 author = {Ochoa, Xavier and Duval, Erik},
 title = "{Use of contextualized attention metadata for ranking and recommending learning objects}",
 booktitle = {CAMA '06: Proceedings of the 1st international workshop on Contextualized attention metadata: collecting, managing and exploiting of rich usage information},
 year = {2006},
 isbn = {1-59593-524-X},
 pages = {9--16},
 location = {Arlington, Virginia, USA},
 doi = {http://doi.acm.org/10.1145/1183604.1183608},
 publisher = {ACM},
 address = {New York, NY, USA},
 }


@misc{vc-acmvc-03,
	title={Architecture and conceptual model of {V}irtual {C}ampus},
	author="{The~Virtual~Campus~Team}",
	month = {June},
	year = 2003,
	institution={{P}olitecnico di {M}ilano},
	howpublished = {http://www.elet.polimi.it/res/vcampus/download/MCwebVersion.pdf},
}

@InProceedings{ssfs-mmw-99,
  author	= {Achim Steinacker and Cornelia Seeberg and Stephan Fischer and Ralf Steinmetz},
  title		= {{Multibook: Metadata for the Web}},
  year		= 1999,
  month		= "August",
  booktitle	= {2nd International Conference on New Learning Technologies},
  address       = {Bern, Switzerland},
  publisher	= {},
  institution	= {},
  pages		= {16--24},
  howpublished	= {http://www.kom.e-technik.tu-darmstadt.de/publications/abstracts/SSFS99-1.html}
}

@InProceedings{ks-lomlca-04,
	author={Karampiperis, P. and Sampson, D.},
	title="{Learning Object Metadata for Learning Content Accessibility}",
	booktitle={Proc. of 16th World Conference on Educational Multimedia, Hypermedia and Telecommunications (ED-MEDIA)},
	publisher= {AACE, Chesapeake, VA},
	address = {Lugano, Switzerland},
	pages={5204--5211},
	howpublished={http://dl.aace.org/16232},
	year=2004
}

@misc{hylos,
  key={hylOs},
  title =  {{The hylOs Homepage}},
  year =  2012,
  howpublished = {http://www.hylOs.org},
}

@techreport{bpm-xsd2d-04,
  editor = {Paul V. Biron and Kaiser Permanente and Ashok Malhotra},
  title = {{XML Schema Part 2: Datatypes Second Edition}},
  institution = {{W}orld {W}ide {W}eb {C}onsortium},
  type = {{W3C} {R}ecommendation},
  year = 2004,
  month = {October},
  url = {http://www.w3.org/TR/2004/REC-xmlschema-2-20041028/}
}

@techreport{tbmm-xsp1s-04,
  editor = {Henry S. Thompson and David Beech and Murray Maloney and Noah Mendelsohn},
  title = {{XML Schema Part 1: Structures Second Edition}},
  institution = {{W}orld {W}ide {W}eb {C}onsortium},
  type = {{W3C} {R}ecommendation},
  year = 2004,
  month = {October},
  url = {http://www.w3.org/TR/2004/REC-xmlschema-1-20041028/}
}

@misc{hhs-j20-11,
title = "{Jugend 2.0 -- Eine repr\"{a}sentative Untersuchung zum Internetverhalten von 10- bis 18-J\"{a}hrigen}",
author = {Hoyer, Markus and Huth, Nathalie and Spahr, Christian},
publisher = {BITKOM - Bundesverband Informationswirtschaft, Telekommunikation und neue Medien e. V.},
url = {http://www.bitkom.org/files/documents/BITKOM\_Studie\_Jugend\_2.0.pdf},
year = {2011},
file = {../papers/hhs-j20-11.pdf},
}

@inproceedings{ksj-sncr-09,
 author = {Konstas, Ioannis and Stathopoulos, Vassilios and Jose, Joemon M.},
 title = {{On social networks and collaborative recommendation}},
 booktitle = {Proceedings of the 32nd international ACM SIGIR conference on Research and development in information retrieval},
 series = {SIGIR '09},
 year = {2009},
 location = {Boston, MA, USA},
 pages = {195--202},
 numpages = {8},
 publisher = {ACM},
 address = {New York, NY, USA},
} 

@article{g-cksws-08,
 author = {Gruber, Tom},
 title = {Collective knowledge systems: Where the Social Web meets the Semantic Web},
 journal = {Web Semant.},
 issue_date = {February, 2008},
 volume = {6},
 number = {1},
 month = feb,
 year = {2008},
 issn = {1570-8268},
 pages = {4--13},
 numpages = {10},
 publisher = {Elsevier Science Publishers B. V.},
 address = {Amsterdam, The Netherlands, The Netherlands},
} 

@inproceedings{b-mrrwc-10,
    author = {Bogers, Toine},
    booktitle = {{Second Workshop on Context-Aware Recommender Systems}},
    location = {Barcelona, Spain},
    title = {{Movie Recommendation using Random Walks over the Contextual Graph}},
    year = {2010}
}

@inproceedings{h-ple-06,
  title={{Personal Learning Environments.}},
  author={Van Harmelen, Mark},
  booktitle={ICALT},
  volume={6},
  pages={815--816},
  year={2006}
}

@inbook{md-ple-10,
  author={Trey Martindale and Michael Dowdy},
  year= 2010, 
  chapter={Personal Learning Environments}, 
  editor = {George Veletsianos}, 
  title= {Emerging Technologies in Distance Education}, 
  publisher= {AU Press, Athabasca University},
  address= {Edmonton}, 
}

@incollection{ci-gfacl-14,
  title={Group Formation Algorithms in Collaborative Learning Contexts: A Systematic Mapping of the Literature},
  author={Cruz, Wilmax Marreiro and Isotani, Seiji},
  booktitle={Collaboration and Technology},
  pages={199--214},
  year={2014},
  publisher={Springer}
}


@article{mov-gaagf-12,
  title={A genetic algorithm approach for group formation in collaborative learning considering multiple student characteristics},
  author={Moreno, Juli{\'a}n and Ovalle, Demetrio A and Vicari, Rosa M},
  journal={Computers \& Education},
  volume={58},
  number={1},
  pages={560--569},
  year={2012},
  publisher={Elsevier}
}

@inproceedings{cvr-ostqu-08,
  title={Optimizing single term queries using a personalized Markov random walk over the social graph},
  author={Clements, Maarten and de Vries, Arjen P and Reinders, Marcel JT},
  booktitle={Workshop on Exploiting Semantic Annotations in Information Retrieval (ESAIR)},
  year={2008}
}



