@inproceedings{kks-insrs-06,
  author    = {Sanjay V. Kumar and Chris H. Kim and Sachin S. Sapatnekar},
  title     = {{Impact of NBTI on SRAM read stability and design for reliability}},
  booktitle = {7th International Symposium on Quality Electronic Design (ISQED'06)},
  numpages  = {6},
  year      = {2006},
  publisher = {IEEE Computer Society},
  address   = {Los Alamitos, CA, USA},
}

@inproceedings{rdbk-dgmcn-16,
  author    = {Maria Ines Robles and Domenico D'Ambrosio and Jaime Jimenez Bolonio and Miika Komu},
  booktitle = {2016 IEEE International Conference on Pervasive Computing and Communication Workshops (PerCom Workshops)},
  title     = {Device group management in constrained networks},
  year      = {2016},
  address   = {Sydney, NSW, Australia},
  pages     = {1--6},
  publisher = {IEEE}
}

@inproceedings{kvrjb-elice-18,
  author    = {Abdulkadir Karaagac and Matthias VanEeghem and Jen Rossev and Bart Moons and Eli DePoorter and Jeroen Hoebeke},
  booktitle = {2018 IEEE Conference on Standards for Communications and Networking (CSCN)},
  title     = {Extensions to LwM2M for Intermittent Connectivity and Improved Efficiency},
  year      = {2018},
  pages     = {1--6},
  address   = {Paris, France},
  publisher = {IEEE}
}

@inproceedings{ts-haits-13,
  author    = {David Tracey and Cormac Sreenan},
  booktitle = {2013 13th IEEE/ACM International Symposium on Cluster, Cloud, and Grid Computing},
  title     = {A Holistic Architecture for the Internet of Things, Sensing Services and Big Data},
  year      = {2013},
  pages     = {546-553}
}

@inproceedings{ts-udppa-19,
  author    ={David Tracey and Cormac Sreenan},
  booktitle ={2019 IEEE 5th World Forum on Internet of Things (WF-IoT)},
  title     ={Using a DHT in a Peer to Peer Architecture for the Internet of Things},
  year      ={2019},
  pages     ={560--565},
  address   = {Limerick, Ireland},
  publisher = {IEEE}
}

@inproceedings{ts-lhait-17,
  author    = {David Tracey and Cormac Sreenan},
  booktitle = {2017 IEEE 14th International Conference on Networking, Sensing and Control (ICNSC)},
  title     = {OMA LWM2M in a holistic architecture for the Internet of Things},
  year      = {2017},
  pages     = {198-203}
}

@inproceedings{cmmp-tltst-06,
  author      = {Paolo Costa and Luca Mottola and Amy L. Murphy and Gian Pietro Picco},
  title       = {TeenyLIME: Transiently Shared Tuple Space Middleware for Wireless Sensor Networks},
  year        = {2006},
  publisher   = {Association for Computing Machinery},
  address     = {New York, NY, USA},
  booktitle   = {Proceedings of the International Workshop on Middleware for Sensor Networks},
  pages       = {43–48},
  numpages    = {6},
  keywords    = {middleware, tuple spaces, wireless sensor networks},
  location    = {Melbourne, Australia},
  series      = {MidSens '06}
}

@inproceedings{wscb-hnasn-04,
  author      = {Kamin Whitehouse and Cory Sharp and David Culler and Eric Brewer},
  title       = {Hood: A Neighborhood Abstraction for Sensor Networks},
  year        = {2004},
  journal     = {MobiSys 2004 - Second International Conference on Mobile Systems, Applications and Services}
}

@article{sczlx-ecvc-16,
  author      = {Weisong Shi and Jie Cao and Quan Zhang and Youhuizi Li and Lanyu Xu},
  journal     = {IEEE Internet of Things Journal},
  title       = {Edge Computing: Vision and Challenges},
  year        = {2016},
  volume      = {3},
  number      = {5},
  pages       = {637-646}
}

@article{sczy-emnpd-17,
  author      = {Yuvraj Sahni and Jiannong Cao and Shigeng Zhang and Lei Yang},
  journal     = {IEEE Access},
  title       = {Edge Mesh: A New Paradigm to Enable Distributed Intelligence in Internet of Things},
  year        = {2017},
  volume      = {5},
  pages       = {16441-16458}
}

@inproceedings{ptm-esllp-20,
  author      ={Martina Pappalardo and Giacomo Tanganelli and Enzo Mingozzi},
  title       ={Enhanced Support of LWM2M in Low Power and Lossy Networks},
  booktitle   ={2020 IEEE International Conference on Smart Computing (SMARTCOMP)},
  year        ={2020},
  pages       ={344-349}
}

@inproceedings{swabz-ltmr-17,
  author    = {Wentao Shang and Zhehao Wang and Alexander Afanasyev and Jeff Burke and Lixia Zhang},
  title     = {Breaking out of the Cloud: Local Trust Management and Rendezvous in Named Data Networking of Things},
  year      = {2017},
  publisher = {Association for Computing Machinery},
  address   = {New York, NY, USA},
  booktitle = {Proceedings of the Second International Conference on Internet-of-Things Design and Implementation},
  pages     = {3–13},
  numpages  = {11},
  keywords  = {Cloud-independence, Internet-of-Things, Named-Data Networking},
  location  = {Pittsburgh, PA, USA},
  series    = {IoTDI '17}
}

@inproceedings{lmmsg-vsend-07,
  author  = {Andreas Lachenmann and Pedro Marrón and Daniel Minder and Olga Saukh and Matthias Gauger and Kurt Rothermel},
  year    = {2007},
  month   = {01},
  title   = {Versatile Support for Efficient Neighborhood Data Sharing},
  volume  = {4373},
  journal = {In: Langendoen, Koen (ed.); Voigt, Thiemo (ed.): Proceedings of the 4th European Conference on Wireless Sensor Networks (EWSN 2007), pp. 1-16},
}

@techreport{mmdt-gawai-21,
  author      = {Florian Meyer and Phil Malessa and Jan Niklas Diercks and Volker Turau},
  title       = {{Are Group Acknowledgements Worth Anything in IEEE 802.15.4 DSME: A Comparative Analysis}},
  type        = {Technical Report},
  institution = {Open Archive: arXiv.org},
  year        = {2021},
  month       = {September},
  number      = {arXiv:2109.06267},
  url         = {https://arxiv.org/abs/2109.06267}
}

@inproceedings{mpp-edtpl-18,
  author    = {Konstantin Mikhaylov and Juha Pet\"{a}j\"{a}j\"{a}rvi and Ari Pouttu},
  title     = {{Effect of Downlink Traffic on Performance of LoRaWAN LPWA Networks: Empirical Study}},
  booktitle = {29th Annual International Symposium on Personal, Indoor and Mobile Radio Communications (PIMRC'18)},
  numpages  = {6},
  year      = {2018},
  publisher = {IEEE},
  address   = {Piscataway, NJ, USA},
}

@inproceedings{brr-rcaii-21,
  author    = {Giuseppe Bianchi and Alberto La Rosa and Gabriele Restuccia},
  title     = {{RIOT-AKA: cellular-like authentication over IoT devices}},
  booktitle = {29th IEEE Int. Conf. on Network Protocols (ICNP'21)},
  pages     = {1--6},
  year      = {2021},
  publisher = {IEEE},
  address   = {Piscataway, NJ, USA},
}

@inproceedings{mglms-ffecu-06,
  author = {Pedro Jos\'{e} Marr\'{o}n and Matthias Gauger and Andreas Lachenmann and Daniel Minder and Olga Saukh and Kurt Rothermel},
  title = {{FlexCup: A Flexible and Efficient Code Update Mechanism for Sensor Networks}},
  year = {2006},
  publisher = {Springer-Verlag},
  address = {Berlin, Heidelberg},
  booktitle = {Proceedings of the 3rd European Conference on Wireless Sensor Networks},
  pages = {212--227},
  numpages = {16},
  location = {Zurich, Switzerland},
  series = {EWSN'06}
}

@inproceedings{kp-riler-05,
  author    = {Joel Koshy and Raju Pandey},
  title     = {{Remote incremental linking for energy-efficient reprogramming of sensor networks}},
  booktitle = {Proceeedings of the 2nd European Workshop on Wireless Sensor Networks},
  year      = {2005},
  volume    = {},
  number    = {},
  pages     = {354--365},
  publisher = {IEEE Press},
  address   = {Piscataway, NJ, USA},
  location  = {Istanbul, Turkey}
}

@article{igehs-ddwsn-03,
  author    = {Chalermek Intanagonwiwat and Ramesh Govindan and Deborah Estrin and John Heidemann and Fabio Silva},
  title     = {{Directed diffusion for wireless sensor networking}},
  journal   = {IEEE/ACM Transactions on Networking},
  volume    = {11},
  number    = {1},
  pages     = {2--16},
  year      = {2003},
  publisher = {IEEE}
}

@techreport{semtech-uladr-19,
  author      = {Semtech},
  title       = {{Understanding the LoRa Adaptive Data Rate}},
  institution = {{Semtech Corporation}},
  year        = {2019},
}

@article{rmcsd-biico-18,
  author    = {Ana Reyna and Cristian Mart\'{i}n and Jaime Chen and Enrique Soler and Manuel D\'{i}az},
  title     = {{On blockchain and its integration with IoT. Challenges and opportunities}},
  journal   = {Future Generation Computer Systems},
  volume    = {88},
  pages     = {173--190},
  year      = {2018},
  publisher = {Elsevier}
}

@inproceedings{mk-ifsbi-19,
  author    = {Shapna Muralidharan and Heedong Ko},
  title     = {{An InterPlanetary File System (IPFS) based IoT framework}},
  booktitle = {IEEE International Conference on Consumer Electronics (ICCE)},
  year      = {2019},
  volume    = {},
  number    = {},
  pages     = {1-2},
  publisher = {IEEE Press},
  address   = {Piscataway, NJ, USA},
  location  = {Las Vegas, NV, USA}
}

@inproceedings{ll-bsfue-16,
  author    = {Boohyung Lee and Jong-Hyouk Lee},
  title     = {{Blockchain-based secure firmware update for embedded devices in an Internet of Things environment}},
  booktitle = {The Journal of Supercomputing},
  pages     = {1152--1167},
  year      = {2016},
  publisher = {Springer},
  address   = {Cham, Switzerland}
}

@inproceedings{bnlfm-bfust-19,
  author    = {Mohamed Baza and Mahmoud Nabil and Noureddine Lasla and Kemal Fidan and Mohamed Mahmoud and Mohamed Abdallah},
  booktitle = {IEEE Wireless Communications and Networking Conference (WCNC)},
  title     = {{Blockchain-based Firmware Update Scheme Tailored for Autonomous Vehicles}},
  year      = {2019},
  volume    = {},
  number    = {},
  pages     = {1--7},
  publisher = {IEEE Press},
  address   = {Piscataway, NJ, USA},
  location  = {Marrakesh, Morocco}
}

@inproceedings{hagp-soifu-19,
  author    = {Xinchi He and Sarra Alqahtani and Rose Gamble and Mauricio Papa},
  title     = {{Securing Over-The-Air IoT Firmware Updates Using Blockchain}},
  booktitle = {Proceedings of the International Conference on Omni-Layer Intelligent Systems},
  year      = {2019},
  publisher = {ACM},
  address   = {New York, NY, USA},
  pages     = {164--171},
  numpages  = {8},
  location  = {Crete, Greece},
  series    = {COINS '19}
}

@inproceedings{yl-ofufi-18,
  author    = {Alexander Yohan and Nai-Wei Lo},
  title     = {{An Over-the-Blockchain Firmware Update Framework for IoT Devices}},
  booktitle = {IEEE Conference on Dependable and Secure Computing (DSC)},
  year      = {2018},
  volume    = {},
  number    = {},
  pages     = {1--8},
  publisher = {IEEE Press},
  address   = {Piscataway, NJ, USA},
  location  = {Kaohsiung, Taiwan}
}

@inproceedings{spd-bfass-05,
  author    = {Elaine Shi and Adrian Perrig and Leendert van Doorn},
  title     = {{BIND: a fine-grained attestation service for secure distributed systems}},
  booktitle = {IEEE Symposium on Security and Privacy (S\&P'05)},
  year      = {2005},
  volume    = {},
  number    = {},
  pages     = {154--168},
  publisher = {IEEE Press},
  address   = {Piscataway, NJ, USA},
  location  = {Oakland, CA, USA}
}

@inproceedings{slpdk-sscua-06,
  author    = {Arvind Seshadri and Mark Luk and Adrian Perrig and Leendert van Doorn and Pradeep Khosla},
  title     = {{SCUBA: Secure Code Update By Attestation in Sensor Networks}},
  booktitle = {Proceedings of the 5th ACM Workshop on Wireless Security},
  series    = {WiSe '06},
  year      = {2006},
  publisher = {ACM},
  address   = {New York, USA},
  pages     = {85--94},
  numpages  = {10},
  location  = {Los Angeles, California}
}

@misc{ti-fczsz-19,
  author       = {Texas Instruments},
  title        = {{A fully compliant ZigBee 3.x solution: Z-Stack}},
  year         = {2019},
  howpublished = {\url{https://www.ti.com/tool/Z-STACK}, last accessed 04-22-2021}
}

@techreport{za-zs-15,
  author       = {{ZigBee Alliance}},
  title        = {{ZigBee Specification}},
  type         = {Specification},
  number       = {Document 05-3474-21},
  year         = {2015},
  month        = {August},
  institution  = {ZigBee Alliance},
  url          = {https://zigbeealliance.org/wp-content/uploads/2019/11/docs-05-3474-21-0csg-zigbee-specification.pdf},
}

@techreport{a-almdg-14,
  author       = {{Atmel}},
  title        = {{AVR2130: Lightweight Mesh Developer Guide}},
  type         = {Application Note},
  number       = {},
  year         = {2014},
  month        = {},
  institution  = {Atmel},
  url          = {http://ww1.microchip.com/downloads/en/Appnotes/Atmel-42028-Lightweight-Mesh-Developer-Guide_Application-Note_AVR2130.pdf}
}

@inproceedings{rswo-igncz-17,
  author    = {Eyal Ronen and Adi Shamir and Achi-Or Weingarten and Colin O'Flynn},
  title     = {{IoT Goes Nuclear: Creating a ZigBee Chain Reaction}},
  booktitle = {IEEE Symposium on Security and Privacy (SP)},
  year      = {2017},
  volume    = {},
  number    = {},
  pages     = {195--212},
  publisher = {IEEE Press},
  address   = {Piscataway, NJ, USA},
  location  = {San Jose, CA, USA}
}

@inproceedings{cawg-itofu-16,
  author    = {Hans Chandra and Erwin Anggadjaja and Pranata Setya Wijaya and Edy Gunawan},
  title     = {{Internet of Things: Over-the-Air (OTA) firmware update in Lightweight mesh network protocol for smart urban development}},
  booktitle = {22nd Asia-Pacific Conference on Communications (APCC)},
  year      = {2016},
  volume    = {},
  number    = {},
  pages     = {115--118},
  publisher = {IEEE Press},
  address   = {Piscataway, NJ, USA},
}

@article{zakp-ttlii-20,
  author   = {Dimitrios Zorbas and Khaled Abdelfadeel and Panayiotis Kotzanikolaou and Dirk Pesch},
  title    = {{TS-LoRa: Time-slotted LoRaWAN for the Industrial Internet of Things}},
  journal  = {Computer Communications},
  volume   = {153},
  pages    = {1--10},
  year     = {2020},
  publisher = {Elsevier},
}

@inproceedings{knwm-pecsl-20,
  author    = {Morgan O'Kennedy and Thomas Niesler and Riaan Wolhuter and Nathalie Mitton},
  title     = {{Practical evaluation of carrier sensing for a LoRa wildlife monitoring network}},
  booktitle = {Proc. of 19th IFIP Networking Conference},
  location  = {Paris, France},
  year      = {2020},
  month     = {June},
  pages     = {10--18},
  publisher = {IEEE Press},
  address   = {Piscataway, NJ, USA},
}

@article{ck-lmnrc-20,
  author  = {Jeferson Rodrigues Cotrim and Jo\~{a}o Henrique Kleinschmidt},
  title   = {{LoRaWAN Mesh Networks: A Review and Classification of Multihop Communication}},
  journal = {Sensors},
  volume  = {20},
  number  = {15},
  pages   = {4273},
  year    = {2020}
}

@inproceedings{tmblx-cilt-21,
  author    = {Pei Tian and Xiaoyuan Ma and Carlo Alberto Boano and Ye Liu and Fengxu Yang and Xin Tian and Dan Li and Jianming Wei},
  title     = {{ChirpBox: An Infrastructure-Less LoRa Testbed}},
  booktitle = {International Conference on Embedded Wireless Systems and Networks (EWSN'21)},
  numpages  = {12},
  month     = {February},
  year      = {2021},
  location  = {Delft, NL},
  publisher = {ACM},
  address   = {New York, USA},
}

@inproceedings{e-tsitq-20,
  author    = {Lars Eggert},
  title     = {{Towards Securing the Internet of Things with QUIC}},
  booktitle = {Proc. of 3rd NDSS Workshop on Decentralized IoT Systems and Security (DISS)},
  year      = {2020},
  publisher = {Internet Society (ISOC)},
  location  = {San Diego, CA, USA},
}

@inproceedings{rgp-tarmp-20,
  title     = {{Toward Automatic and Remote Monitoring of the Pain Experience: An Internet of Things (IoT) Approach}},
  author    = {Juan Jos{\'e} Rodr{\'i}guez Rodr{\'i}guez and Javier Ferney Castillo Garc{\'i}a and Erick Javier Arg {\"u}ello Prada},
  booktitle = {Applied Technologies},
  editor    = {Miguel Botto-Tobar and Marcelo Zambrano Vizuete and Pablo Torres-Carri{\'o}n and Sergio Montes Le{\'o}n and Guillermo Pizarro V{\'a}squez and Benjamin Durakovic},
  publisher = {Springer International Publishing},
  isbn      = {978-3-030-42520-3},
  pages     = {194--206},
  year      = {2020},
  address   = {Cham},
}

@inproceedings{myaa-salpr-20,
  title     = {{Study of Application Layer Protocol for Real-Time Monitoring and Maneuvering}},
  author    = {Devesh Mishra and Ram Suchit Yadav and Krishna Kant Agrawal and Ali Abbas},
  booktitle = {International Conference on Innovative Computing and Communications},
  editor    ={Ashish Khanna and Deepak Gupta and Siddhartha Bhattacharyya and Vaclav Snasel and Jan Platos and Aboul Ella Hassanien},
  publisher = {Springer Singapore},
  isbn      = {978-981-15-0324-5},
  pages     = {439--449},
  year      = {2020},
  address   = {Singapore},
}

@inproceedings{pc-pcmps-20,
  author    = {Daniel Persson Proos and Niklas Carlsson},
  title     = {{Performance Comparison of Messaging Protocols and Serialization Formats for Digital Twins in IoV}},
  booktitle = {Proc. of 19th IFIP Networking Conference},
  location  = {Paris, France},
  year      = {2020},
  month     = {June},
  pages     = {10--18},
  publisher = {IEEE Press},
  address   = {Piscataway, NJ, USA},
}

@article{ksdkg-sics-20,
  author         = {Dimitris Koutras and George Stergiopoulos and Thomas Dasaklis and Panayiotis Kotzanikolaou and Dimitris Glynos and Christos Douligeris},
  title          = {{Security in IoMT Communications: A Survey}},
  journal        = {Sensors},
  volume         = {20},
  number         = {17},
  pages          = {4828},
  year           = {2020},
}

@techreport{oma-lwm2m-core-12,
  author        = {OMA SpecWorks},
  title         = {{Lightweight Machine to Machine Technical Specification: Core v1.2}},
  institution   = {Open Mobile Alliance},
  year          = {2020}
}

@techreport{oma-lwm2m-transport-12,
  author    = {OMA SpecWorks},
  title     = {{Lightweight Machine to Machine Technical Specification: Transport Bindings v1.2}},
  year      = {2020}
}

@manual{microchip-at86rf231-09,
  organization  = {Microchip},
  title         = {{Low Power 2.4 GHz Transceiver for ZigBee, IEEE 802.15.4, 6LoWPAN, RF4CE, SP100, WirelessHART, and ISM Applications (AT86RF231)}},
  year          = {2009},
  month         = {September},
  note          = {{Rev.8111C}},
  url           = {https://ww1.microchip.com/downloads/en/DeviceDoc/doc8111.pdf}
}

@manual{st-stm32f103rey-18,
  organization  = {STMicroelectronics},
  title         = {{High-density performance line ARM\textcopyright-based 32-bit MCU with 256 to 512KB Flash, USB, CAN, 11 timers, 3 ADCs, 13 communication interfaces (STM32F103REY)}},
  year          = {2018},
  month         = {July},
  note          = {{DS5792 Rev 13}},
  url           = {https://www.st.com/resource/en/datasheet/stm32f103re.pdf}
}

@manual{pulp-ri5cy-19,
  organization  = {PULP Platform},
  title         = {{RI5CY: User Manual}},
  year          = {2019},
  month         = {April},
  note          = {Rev. 4.0},
  url           = {https://www.pulp-platform.org/docs/ri5cy_user_manual.pdf}
}

@manual{pulp-zero-riscy-18,
  organization  = {PULP Platform},
  title         = {{zero-riscy: User Manual}},
  year          = {2018},
  month         = {January},
  note          = {Rev. 0.2},
  url           = {https://www.pulp-platform.org/docs/user_manual.pdf}
}

@techreport{brlff-btscd-20,
  author = {Colby R. Banbury and Vijay Janapa Reddi and Max Lam and William Fu and Amin Fazel and Jeremy Holleman and Xinyuan Huang and Robert Hurtado and David Kanter and Anton Lokhmotov and David A. Patterson and Danilo Pau and Jae{-}sun Seo and Jeff Sieracki and Urmish Thakker and Marian Verhelst and Poonam Yadav},
  title = {{Benchmarking TinyML Systems: Challenges and Direction}},
  type = {Technical Report},
  institution = {Open Archive: arXiv.org},
  year = {2020},
  month = {August},
  number = {arXiv:2003.04821},
  url = {https://arxiv.org/abs/2003.04821},
}

@techreport{ddjrj-tlmem-20,
  author = {Robert David and Jared Duke and Advait Jain and Vijay Janapa Reddi and Nat Jeffries and Jian Li and Nick Kreeger and Ian Nappier and Meghna Natraj and Shlomi Regev and Rocky Rhodes and Tiezhen Wang and Pete Warden},
  title = {{TensorFlow Lite Micro: Embedded Machine Learning on TinyML Systems}},
  type = {Technical Report},
  institution = {Open Archive: arXiv.org},
  year = {2020},
  month = {October},
  number = {arXiv:2010.08678},
  url = {https://arxiv.org/abs/2010.08678},
}

@article{rv-heppa-19,
  author={Vladimir Ro{\u{z}}i{\'c} and Ingrid Verbauwhede},
  title={{Hardware-Efficient Post-Processing Architectures for True Random Number Generators}},
  journal={IEEE Transactions on Circuits and Systems II: Express Briefs},
  year={2019},
  volume={66},
  number={7},
  pages={1242-1246},
  publisher={IEEE}
}

@article{faa-rdemu-19,
  author={Farnaz Forooghifar and Amir Aminifar and David Atienza},
  title={{Resource-Aware Distributed Epilepsy Monitoring Using Self-Awareness From Edge to Cloud}},
  journal={IEEE Transactions on Biomedical Circuits and Systems},
  year={2019},
  volume={13},
  number={6},
  pages={1338-1350},
  publisher={IEEE}
}

@article{wmcb-foten-20,
  author={Xiaying Wang and Michele Magno and Lukas Cavigelli and Luca Benini},
  title={{FANN-on-MCU: An Open-Source Toolkit for Energy-Efficient Neural Network Inference at the Edge of the Internet of Things}},
  journal={IEEE Internet of Things Journal},
  year={2020},
  volume={7},
  number={5},
  pages={4403-4417},
  publisher={IEEE}
}

@article{gmdmq-mdoba-20,
  author = {Elisabetta De Giovanni and Fabio Montagna and Beno{\^i}t Walter Denkinger and Simone Machetti and Miguel Peon Quiros and Simone Benatti and Davide Rossi and Luca Benini and David Atienza Alonso},
  title = {{Modular Design and Optimization of Biomedical Applications  for Ultra-Low Power Heterogeneous Platforms}},
  journal = {IEEE Transactions on Computer-Aided Design of Integrated  Circuits and Systems},
  volume={39},
  number={11},
  pages={3821--3832},
  year = {2020},
  publisher={IEEE}
}

@inproceedings{prlmb-mwgep-18,
  author={Antonio Pullini and Davide Rossi and Igor Loi and Alfio Di Mauro and Luca Benini},
  title={{Mr. Wolf: A 1 GFLOP/s Energy-Proportional Parallel Ultra Low Power SoC for IOT Edge Processing}},
  booktitle={44th European Solid State Circuits Conference (ESSCIRC'18)},
  year={2018},
  pages={274--277},
  publisher={IEEE},
  address={Piscataway, NJ, USA}
}

@article{csspr-iesse-17,
  author={Francesco Conti and Robert Schilling and Pasquale Davide Schiavone and Antonio Pullini and Davide Rossi and Frank K. G{\"u}rkaynak and Michael Muehlberghuber and Michael Gautschi and Igor Loi and Germain Haugou and Stefan Mangard and Luca Benini},
  title={{An IoT Endpoint System-on-Chip for Secure and Energy-Efficient Near-Sensor Analytics}},
  journal={IEEE Transactions on Circuits and Systems I: Regular Papers},
  year={2017},
  volume={64},
  number={9},
  pages={2481--2494},
  publisher={IEEE}
}

@article{gstlp-ntrcd-17,
  author={Michael Gautschi and Pasquale Davide Schiavone and Andreas Traber and Igor Loi and Antonio Pullini and Davide Rossi and Eric Flamand and Frank K. G{\"u}rkaynak and Luca Benini},
  title={{Near-Threshold RISC-V Core With DSP Extensions for Scalable IoT Endpoint Devices}},
  journal={IEEE Transactions on Very Large Scale Integration (VLSI) Systems},
  year={2017},
  volume={25},
  number={10},
  pages={2700--2713},
  publisher={IEEE}
}

@inproceedings{scrgp-sswrc-17,
  author={Pasquale Davide Schiavone and Francesco Conti and Davide Rossi and Michael Gautschi and Antonio Pullini and Eric Flamand and Luca Benini},
  title={{Slow and steady wins the race? A comparison of ultra-low-power RISC-V cores for Internet-of-Things applications}},
  booktitle={27th Intern. Symp. on Power and Timing Modeling, Optimization and Simulation (PATMOS'17)},
  year={2017},
  pages={1--8},
  publisher={IEEE},
  address={Piscataway, NJ, USA},
}

@inproceedings{lr-sspem-15,
  author = {Brandon Lucia and Benjamin Ransford},
  title = {{A Simpler, Safer Programming and Execution Model for Intermittent Systems}},
  booktitle = {36th ACM SIGPLAN Conf. on Programming Language Design and Implementation (PLDI'15)},
  year = {2015},
  location = {Portland, OR, USA},
  pages = {575--585},
  publisher = {ACM},
  address = {New York, NY, USA},
}

@inproceedings{plp-hpkci-06,
  author = {Krzysztof Piotrowski and Peter Langendoerfer and Steffen Peter},
  title = {{How Public Key Cryptography Influences Wireless Sensor Node Lifetime}},
  booktitle = {Proc. of the 4th ACM Workshop on Security of Ad Hoc and Sensor Networks (SASN'06)},
  year = {2006},
  location = {Alexandria, Virginia, USA},
  pages = {169--176},
  publisher = {ACM},
  address = {New York, NY, USA},
}

@inproceedings{tld-adeca-19,
  author = {Brandon Tsao and Yuhong Liu and Behnam Dezfouli},
  title = {{Analysis of the Duration and Energy Consumption of AES Algorithms on a Contiki-Based IoT Device}},
  booktitle = {16th Proc. of the  EAI Int. Conf. on Mobile and Ubiquitous Systems: Computing, Networking and Services (MobiQuitous '19)},
  year = {2019},
  location = {Houston, Texas, USA},
  pages = {483--491},
  publisher = {ACM},
  address = {New York, NY, USA},
}

@inproceedings{pd-epeca-06,
  author={Martin Passing and Falko Dressler},
  title={{Experimental Performance Evaluation of Cryptographic Algorithms on Sensor Nodes}},
  booktitle={IEEE Int. Conf. on Mobile Ad Hoc and Sensor Systems (MASS'06)},
  pages={882--887},
  year={2006},
  publisher={IEEE},
}

@inproceedings{zej-hlica-17,
  author={Boyou Zhou and Maneul Egele and Ajay Joshi},
  title={{High-performance low-energy implementation of cryptographic algorithms on a programmable SoC for IoT devices}},
  booktitle={High Performance Extreme Computing Conference (HPEC'17)},
  pages={1--6},
  year={2017},
  publisher={IEEE}
}

@inproceedings{mpbsw-tqcsi-16,
  author={Max {M{\"o}ssinger} and Benedikt {Petschkuhn} and Johannes {Bauer} and Ralf C. {Staudemeyer} and Marcin {W{\'o}jcik} and Heinrich C. {P{\"o}hls}},
  title={{Towards quantifying the cost of a secure IoT: Overhead and energy consumption of ECC signatures on an ARM-based device}},
  booktitle={17th Intern. Symp. on a World of Wireless, Mobile and Multimedia Networks (WoWMoM'16)},
  pages={1--6},
  year={2016},
  publisher={IEEE}
  }

@inproceedings{plzcj-blsis-20,
  author={Bryan Pearson and Lan Luo and Cliff Zou and Jacob Crain and Yier Jin and  Xinwen Fu},
  title={{Building a Low-Cost and State-of-the-Art IoT Security Hands-On Laboratory}},
  booktitle={2nd IFIP International Cross-Domain Conference (IFIPIoT'19)},
  pages={289--306},
  year={2010},
  publisher={Springer},
  address = {Cham, Switzerland},
}

@techreport{sr-sidse-19,
  author      = {Tobias Schl{\"a}pfer and Andreas R{\"u}st},
  title       = {{Security on IoT Devices with Secure Elements}},
  booktitle   = {Proc. of the Embedded World Conference (EWC '19)},
  pages       = {436--443},
  year        = {2019},
  institution = {WEKA},
  location    = {Nuremberg, Germany},
}

@article{zshls-linps-19,
  author    = {Lu Zhou and Chunhua Su and Zhi Hu and Sokjoon Lee and Hwajeong Seo},
  title     = {{Lightweight Implementations of NIST P-256 and SM2 ECC on 8-bit Resource-Constraint Embedded Device}},
  journal   = {ACM Trans. Embed. Comput. Syst.},
  year      = {2019},
  volume    = {18},
  number    = {3},
  articleno = {23},
  pages     = {1--13},
}

@inproceedings{sh-cuics-17,
  author    = {Sattar B. Sadkhan and Zainab Hamza},
  title     = {{Cryptosystems used in IoT - Current Status and Challenges}},
  booktitle = {International Conference on Current Research in Computer Science and Information Technology (ICCIT '17)},
  year      = {2017},
  publisher = {IEEE},
  location  = {Slemani, Iraq},
  pages     = {58--62}
}

@inproceedings{hknld-epdat-18,
  author    = {Alejandro Hernandez Gerez and Kavin Kamaraj and Ramzi Nofal and Yuhong Liu and Behnam Dezfouli},
  title     = {{Energy and Processing Demand Analysis of TLS Protocol in Internet of Things Applications}},
  booktitle = {International Workshop on Signal Processing Systems (SiPS '18)},
  pages     = {312--317},
  year      = {2018},
  publisher = {IEEE},
  address   = {Piscataway, NJ, USA},
  location  = {Cape Town, South Africa},
}

@inproceedings{kk-palca-18,
  author    = {Young-Sae Kim and Geonwoo Kim},
  title     = {{A Performance Analysis of Lightweight Cryptography Algorithm for Data Privacy in IoT Devices}},
  booktitle = {International Conference on Information and Communication Technology Convergence (ICTC '18)},
  year      = {2018},
  publisher = {IEEE},
  location  = {Jeju, South Korea},
  pages     = {936--938},
}

@inproceedings{mejlr-tslpi-20,
  author    = {Jochen Mades and Gerd Ebelt and Boris Janjic and Frederik Lauer and Carl C. Rheinl{\"a}nder and Norbert Wehn},
  title     = {{TLS-Level Security for Low Power Industrial IoT Network Infrastructures}},
  booktitle = {Design, Automation Test in Europe Conference Exhibition (DATE '20)},
  pages     = {1720--1721},
  year      = {2020},
  publisher = {IEEE},
  address   = {Piscataway, NJ, USA},
  location  = {Grenoble, France},
}

@inproceedings{ntgld-ceath-19,
  author    = {Ramzi A. Nofal and Nam Tran and Carlos Garcia and Yuhong Liu and Behnam Dezfouli},
  title     = {{A Comprehensive Empirical Analysis of TLS Handshake and Record Layer on IoT Platforms}},
  booktitle = {22nd International ACM Conference on Modeling, Analysis and Simulation of Wireless and Mobile Systems (MSWIM '19)},
  year      = {2019},
  publisher = {ACM},
  address   = {New York, NY, USA},
  location  = {Miami Beach, FL, USA},
  pages     = {61--70},
}

@inproceedings{fm-silcl-20,
  author    = {Eugene Frimpong and Antonios Michalas},
  title     = {{SeCon-NG: Implementing a Lightweight Cryptographic Library Based on ECDH and ECDSA for the Development of Secure and Privacy-Preserving Protocols in Contiki-NG}},
  booktitle = {35th Symposium on Applied Computing (SAC '20)},
  year      = {2020},
  publisher = {ACM},
  address   = {New York, NY, USA},
  location  = {Brno, Czech Republic},
  pages     = {767--769},
}

@inproceedings{stcdl-aruae-18,
  author    = {Pedro Sanchez Munoz and Nam Tran and Brandon Craig and Behnam Dezfouli and Yuhong Liu},
  title     = {{Analyzing the Resource Utilization of AES Encryption on IoT Devices}},
  booktitle = {Asia-Pacific Signal and Information Processing Association Annual Summit and Conference (APSIPA ASC'18)},
  pages     = {1200--1207},
  year      = {2018},
  publisher = {IEEE},
  address   = {Piscataway, NJ, USA},
  location  = {Honolulu, Hawaii, USA},
}

@inproceedings{dgpg-tlcis-19,
  author    = {Arnaud Durand and Pascal Gremaud and Jacques Pasquier and Urs Gerber},
  title     = {{Trusted Lightweight Communication for IoT Systems Using Hardware Security}},
  booktitle = {9th International Conference on the Internet of Things (IoT '19)},
  year      = {2019},
  publisher = {ACM},
  address   = {New York, NY, USA},
  location  = {Bilbao, Spain},
  pages     = {1--4},
}

@inproceedings{ld-pedpm-19,
  author    = {Clemens Lachner and Schahram Dustdar},
  title     = {{A Performance Evaluation of Data Protection Mechanisms for Resource Constrained IoT Devices}},
  booktitle = {International Conference on Fog Computing (ICFC '19)},
  pages     = {47--52},
  year      = {2019},
  publisher = {IEEE},
  address   = {Piscataway, NJ, USA},
  location  = {Prague, Czech Republic},
}

@inproceedings{plzdl-mhcis-19,
  author    = {Bryan Pearson and Lan Luo and Yue Zhang and Rajib Dey and Zhen Ling and Mostafa Bassiouni and Xinwen Fu},
  title     = {{On Misconception of Hardware and Cost in IoT Security and Privacy}},
  booktitle = {53rd International Conference on Communications (ICC '19)},
  pages     = {1--7},
  year      = {2019},
  publisher = {IEEE},
  address   = {Piscataway, NJ, USA},
  location  = {Shanghai, China},
}

@INPROCEEDINGS{bo-aicec-19,
  author={C. {Bellman} and P. C. {van Oorschot}},
  booktitle={17th International Conference on Privacy, Security and Trust (PST)},
  title={{Analysis, Implications, and Challenges of an Evolving Consumer IoT Security Landscape}},
  year={2019},
  month={August},
  publisher={IEEE},
  pages={1--7},
}

@misc{ll-slvlg-16,
  author       = {Link Labs},
  title        = {{Symphony Link vs. LoRaWAN -- A Guide for Engineers and Decision Makers}},
  year         = {2016},
  howpublished = {\url{https://www.link-labs.com/whitepaper-symphony-link-vs-lorawan}, lase accessed 07-22-2020}
}

@techreport{oma-lmmts-19,
  author          = {{OMA SpecWorks}},
  title           = {{Lightweight Machine to Machine Technical Specification:Transport Bindings}},
  institution     = {Open Mobile Alliance},
  type            = {Technical Specification},
  number          = {1.1.1},
  month           = {June},
  year            = {2019},
  address         = {San Diego, CA, USA}
}

@inproceedings{lsm-ubtbt-17,
  author = {Jun Lin and Zhiqi Shen and Chunyan Miao},
  title = {{Using Blockchain Technology to Build Trust in Sharing LoRaWAN IoT}},
  booktitle = {2nd International Conference on Crowd Science and Engineering (ICCSE '17)},
  publisher = {ACM},
  address = {New York, NY, USA},
  location = {Beijing, China},
  pages = {38--43},
  year = {2017},
}

@inproceedings{haa-cfpls-20,
  author={Frank Hessel and Lars Almon and Flor {\'{A}}lvarez},
  title={{ChirpOTLE: A Framework for Practical LoRaWAN Security Evaluation}},
  booktitle={13th Conference on Security and Privacy in Wireless and Mobile Networks (WiSec '20)},
  location={Virtual Conference},
  year={2020},
  publisher={ACM},
  address = {New York, NY, USA},
}

@inproceedings{tbs-eticl-17,
  author={Steffen Thielemans and Maite Bezunartea and Kris Steenhaut},
  title={{Establishing transparent IPv6 communication on LoRa based low power wide area networks (LPWANS)}},
  booktitle={Wireless Telecommunications Symposium (WTS '17)},
  pages={1--6},
  year={2017},
  publisher={IEEE},
  address = {Piscataway, NJ, USA},
  location={Chicago, IL, USA},
}

@article{esrb-slmnm-19,
  author={Christian Ebi and Fabian Schaltegger and Anreas R{\"{u}}st and Frank Blumensaat},
  title={{Synchronous LoRa Mesh Network to Monitor Processes in Underground Infrastructure}},
  journal={IEEE Access},
  volume={7},
  pages={57663-57677},
  year={2019},
}

@article{aa-mllbm-19,
  author    = {Andrea Abrardo and Alessandro Pozzebon},
  title     = {{A Multi-Hop LoRa Linear Sensor Network for the Monitoring of Underground Environments: The Case of the Medieval Aqueducts in Siena, Italy}},
  journal   = {Sensors},
  volume    = {19},
  number    = {2},
  pages     = {402},
  year      = {2019},
}
@article{lk-mlisu-18,
  author={Huang-Chen Lee and Kai-Hsiang Ke},
  title={{Monitoring of Large-Area IoT Sensors Using a LoRa Wireless Mesh Network System: Design and Evaluation}},
  journal={IEEE Transactions on Instrumentation and Measurement},
  volume={67},
  number={9},
  pages={2177--2187},
  year={2018},
}

@inproceedings{stbbs-ermcb-17,
  author={Benjamin Sartori and Steffen Thielemans and Maite Bezunartea and An Braeken and Kris Steenhaut},
  title={{Enabling RPL multihop communications based on LoRa}},
  booktitle={13th International Conference on Wireless and Mobile Computing, Networking and Communications (WiMob '17)},
  pages={1--8},
  year={2017},
  publisher={IEEE Computer Society},
  address = {Washington, DC, USA},
  location={Rome, Italy},
}

@inproceedings{c-elndr-19,
  author = {Roger Pueyo Centelles},
  title = {{Extending LoRa Networks: Dynamic Routing Protocols and Sub-GHz Radio Technology for Very Long Range Mesh Networks: Student Research Abstract}},
  booktitle = {34th ACM/SIGAPP Symposium on Applied Computing (SAC '19)},
  publisher = {ACM},
  address = {New York, NY, USA},
  location = {Limassol, Cyprus},
  pages = {1396--1397},
  year = {2019},
}

@inproceedings{p-iecca-18,
  author={Conduc Pham},
  title={{Investigating and experimenting CSMA channel access mechanisms for LoRa IoT networks}},
  booktitle={Wireless Communications and Networking Conference (WCNC '18)},
  pages={1--6},
  year={2018},
  publisher={IEEE},
  address={Piscataway, NJ, USA},
  location={Barcelona, Spain},
}

@inproceedings{bgbts-teelm-19,
  author={Maite Bezunartea and Roald Van Glabbeek and An Braeken and Jacques Tiberghien and Kris Steenhaut},
  title={{Towards Energy Efficient LoRa Multihop Networks}},
  booktitle={International Symposium on Local and Metropolitan Area Networks (LANMAN '19)},
  pages = {1--3},
  year={2019},
  location={Paris, France},
  publisher={IEEE},
  address={Piscataway, NJ, USA},
}

@inproceedings{pk-meict-17,
  author={Ondrej Pere{\v{s}}{\'{i}}ni and Tbor Kraj{\v{c}}ovi{\v{c}}},
  title={{More efficient IoT communication through LoRa network with LoRa@FIIT and STIOT protocols}},
  booktitle={11th International Conference on Application of Information and Communication Technologies (AICT '17)},
  pages = {1--6},
  year={2017},
  publisher={IEEE},
  address={Piscataway, NJ, USA},
  location = {Moscow, Russia},
}

@mastersthesis{y-lvape-17,
  author = {Xueying Yang},
  title = {{LoRaWAN: Vulnerability Analysis and Practical Expoitation}},
  year = {2017},
  month = {July},
  school = {{Delft University of Technology}},
}

@inproceedings{mfpmm-ealev-19,
  author = {Konstantin Mikhaylov and Radek Fujdiak and Ari Pouttu and Voznak Miroslav and Lukas Malina and Petr Mlynek},
  title = {{Energy Attack in LoRaWAN: Experimental Validation}},
  booktitle = {14th International Conference on Availability, Reliability and Security (ARES '19)},
  publisher = {ACM},
  address = {New York, NY, USA},
  location = {Canterbury, CA, United Kingdom},
  number = {74},
  pages ={1--6},
  year = {2019},
}

@inproceedings{evh-dosal-18,
  author = {Eef van Es and Harald Vranken and Arjen Hommersom},
  title = {{Denial-of-Service Attacks on LoRaWAN}},
  booktitle = {13th International Conference on Availability, Reliability and Security (ARES '18)},
  publisher = {ACM},
  address = {New York, NY, USA},
  location = {Hamburg, Germany},
  number = {17},
  pages = {1--6},
  year = {2018},
}

@inproceedings{bpg-alvsr-18,
  author = {Ismail Butun and Nuno Pereira and Mikael Gidlund},
  title = {{Analysis of LoRaWAN v1.1 Security: Research Paper}},
  booktitle = {4th MobiHoc Workshop on Experiences with the Design and Implementation of Smart Objects (SMARTOBJECTS '18)},
  publisher = {ACM},
  address = {New York, NY, USA},
  location = {Los Angeles, California},
  pages = {28--34},
  year = {2018},
}

@inproceedings{af-rl-18,
  author    = {Gildas Avoine and Lo{\"{\i}}c Ferreira},
  title     = {{Rescuing LoRaWAN 1.0}},
  booktitle = {22nd International Conference on Financial Cryptography and Data Security (FC'18)},
  volume    = {10957},
  pages     = {253--271},
  year      = {2018},
  publisher = {Springer},
  address   = {Berlin, Heidelberg},
}

@inproceedings{ekbb-elcbe-20,
  author = {Houssem Eddin Elbsir and Mohammed Kassab and Sami Bhiri and Mohamed Hedi Bedoui},
  title = {{Evaluation of LoRaWAN Class B efficiency for downlink traffic}},
  booktitle = {2020 16th International Conference on Wireless and Mobile Computing, Networking and Communications (WiMob)},
  year = {2020},
  month = {October},
  pages = {105--110},
  publisher = {IEEE},
  address = {Piscataway, NJ, USA },
  location = {Thessaloniki, Greece},
}

@inproceedings{sak-lcbmc-20,
  author = {Yonatan Shiferaw and Apoorva Arora and Fernando Kuipers},
  title = {{LoRaWAN Class B Multicast Scalability}},
  booktitle = {Proc. of 19th IFIP Networking Conference},
  year = {2020},
  month = {June},
  pages = {609--613},
  publisher = {IEEE Press},
  address = {Piscataway, NJ, USA},
  location = {Paris, France},
}

@article{sc-srees-22,
  author = {F.Sanchez-Sutil and A. Cano-Ortega},
  title = {{Smart regulation and efficiency energy system for street lighting with
LoRa LPWAN}},
  journal = {Sustainable Cities and Society},
  volume = {83},
  year = {2022},
}

@article{psfrd-eucbl-20,
  author = {Marco Pasetti and Emiliano Sisinni and Paolo Ferrari and Stefano Rinaldi and Alessandro Depari and Paolo Bellagente and Davide Della Giustina and Alessandra Flammini},
  title = {{Evaluation of the Use of Class B LoRaWAN for the Coordination of Distributed Interface Protection Systems in Smart Grids}},
  journal = {Journal of Sensor and Actuator Networks},
  volume = {9},
  number = {1},
  pages = {13},
  year = {2020},
}

@inproceedings{pfo-ubpuc-19,
  author={Jo{\~{a}}o Pacheco and Ant{\'{o}}nio Furtado and Rodolfo Oliveira},
  title={{Upper Bound Performance of Uplink Class A LoRa Networks}},
  booktitle={15th International Wireless Communications Mobile Computing Conference (IWCMC'19)},
  pages={1172--1177},
  publisher={IEEE},
  address = {Piscataway, NJ, USA},
  year={2019},
}

@inproceedings{dgv-clfos-04,
  author = {Adam Dunkels and Bj{\"o}rn Gr{\"o}nvall and Thiemo Voigt},
  title = {{Contiki - A Lightweight and Flexible Operating System for Tiny Networked Sensors.}},
  booktitle = {{Proc. of IEEE Local Computer Networks (LCN)}},
  year = {2004},
  pages = {455-462},
  publisher = {IEEE Computer Society},
  address = {Los Alamitos, CA, USA},
}

@unpublished{d-ufsts-02,
  author        =  {Adam Dunkels},
  title         =  {{uIP -- A Free Small TCP/IP Stack}},
  year          =  {2002},
}

@techreport{i2c-UM10204,
  author = {NXP},
  title = {{I$^2$C-bus specification and user manual}},
  institution = {NXP Semiconductors},
  type = {Rev.},
  number = {6},
  month = {April},
  year = {2014},
}

@article{s-hwc-96,
  author = {Thad E. Starner},
  journal = {IBM Systems Journal},
  title = {{Human-powered wearable computing}},
  volume = {35},
  number = {3.4},
  pages = {618-629},
  year = {1996},
  publisher  = {IBM},
}

@article{kydc-emble-20,
  author     = {Philipp H. Kindt and Daniel Yunge and Robert Diemer and Samarjit Chakraborty},
  title      = {{Energy Modeling for the Bluetooth Low Energy Protocol}},
  journal    = {ACM Transactions on Embedded Computing Systems},
  volume     = {19},
  number     = {2},
  year       = {2020},
  month      = {March},
  publisher  = {Association for Computing Machinery},
  address    = {New York, NY, USA},
}

@inproceedings{kabtp-sepci-17,
  author    = {Frank Alexander Kraemer and Doreid Ammar and Anders Eivind Braten and Nattachart Tamkittikhun and David Palma},
  title     = {{Solar Energy Prediction for Constrained IoT Nodes Based on Public Weather Forecasts}},
  booktitle = {Proceedings of the Seventh International Conference on the Internet of Things},
  series    = {IoT '17},
  pages     = {1--8},
  year      = {2017},
  month     = {October},
  location  = {Linz, Austria},
  publisher = {ACM},
  address   = {New York, NY, USA},
}

@techreport{mi-maps-06,
  author={{Modbus--IDA}},
  title={{Modbus application protocol specification v1. 1b}},
  institution={Modbus--IDA},
  year={2006},
}

@techreport{mo-mmtig-06,
  author={{Modbus Organization}},
  title={{Modbus Messaging on TCP/IP implementation guide V1.0b}},
  institution={Modbus Organization},
  year={2006},
}

@inproceedings{cocl-dilmm-18,
  author = {Byonggon Chun and Beomseok Oh and Chihyun Cho and Dongyeob Lee},
  title = {{Design and Implementation of Lightweight Messaging Middleware for Edge Computing}},
  booktitle = {Proceedings of the 6th International Conference on Control, Mechatronics and Automation (ICCMA '18)},
  pages = {170--174},
  year = {2018},
  publisher = {ACM},
  address = {New York},
  location = {Tokyo, Japan},
}

@article{dcjb-scpit-19,
   author = {Jasenka Dizdarevic and Francisco Carpio and Admela Jukan and Xavi Masip-Bruin},
   title = {{Survey of Communication Protocols for Internet-of-Things and Related Challenges of Fog and Cloud Computing Integration}},
  journal = {ACM Comput. Surv.},
month = jan,
year = {2019},
publisher = {ACM},
address = {New York, NY, USA},
volume = {51},
number = {6},
pages  = {116-1 -- 116-29},
}

@inproceedings{nmsh-aitms-19,
  author = {Michael Nolan and Michael J. McGrath and Marcin Spoczynski and D{\'a}ire Healy},
  title = {{Adaptive Industrial IOT/CPS Messaging Strategies for Improved Edge Compute Utility}},
  booktitle = {Proc. of the Workshop on Fog Computing and the IoT (IoT-Fog '19)},
  pages = {16--20},
  year = {2019},
  publisher = {ACM},
  address = {New York},
  location = {Montreal, Canada},
}

@inproceedings{bcp-aamic-19,
  author = {Giuseppe Bernieri and Mauro Conti and Gabriele Pozzan},
  title = {{AMON: An Automaton MONitor for Industrial Cyber-Physical Security}},
  booktitle = {Proc. of the 14th International Conference on Availability, Reliability and Security (ARES '19)},
  pages = {1--10},
  year = {2019},
  publisher = {ACM},
  address = {New York},
  location = {Canterbury, United Kingdom},
}

@inproceedings{hsb-disrm-19,
  author = {Gerhard Hansch and Peter Schneider and Gerd Stefan Brost},
  title = {{Deriving Impact-Driven Security Requirements and Monitoring Measures for Industrial IoT}},
  booktitle = {Proc. of the 5th on Cyber-Physical System Security Workshop (CPSS'19)},
  pages = {37--45},
  year = {2019},
  publisher = {ACM},
  address = {New York},
  location = {Auckland, New Zealand},
}

@article{ilyf-tcsie-19,
  author    = {Hasan Mahmood Aminul Islam and Dmitrij Lagutin and Antti Yl{\"{a}}{-}J{\"{a}}{\"{a}}ski and Nikos Fotiou and Andrei V. Gurtov},
  title     = {{Transparent CoAP Services to IoT Endpoints through {ICN} Operator Networks}},
  journal   = {Sensors},
  pages     = {1339},
  volume    = {19},
  number    = {6},
  year      = {2019},
}

@article{lrs-icmns-18,
  author = {Anna Larmo and Antti Ratilainen and Juha Saarinen},
  title = {{Impact of CoAP and MQTT on NB-IoT system performance}},
  journal = {Sensors},
  pages = {7},
  volume = {19},
  year = {2018},
}

@inproceedings{mgc-pecmi-19,
  author = {M{\'o}nica Mart{\'i} and Carlos Garcia-Rubio and Celeste Campo},
  title = {{Performance Evaluation of CoAP and MQTT-SN in an IoT Environment}},
  booktitle = {13th Conference on Ubiquitous Computing and Ambient Intelligence (UCAmI'19)},
  pages = {49},
  volume = {31},
  year = {2019},
}

@inproceedings{abfhm-filso-15,
  author   = {Cedric Adjih and Emmanuel Baccelli and Eric Fleury and Gaetan Harter and Nathalie Mitton and Thomas Noel and Roger Pissard-Gibollet and Frederic Saint-Marcel and Guillaume Schreiner and Julien Vandaele and Thomas Watteyne},
  title    = {{FIT IoT-LAB: A large scale open experimental IoT testbed}},
  booktitle= {2015 IEEE 2nd World Forum on Internet of Things (WF-IoT)},
  publisher = {IEEE Press},
  address   = {Piscataway, NJ, USA},
  year     = {2015},
  month    = {Dec},
  pages    = {459--464},
}

@techreport{isa-wsiap-11,
  author={{International Society of Automation}},
  title={{Wireless Systems for Industrial Automation: Process Control and Related Applications}},
  number= {Standard ISA-100.11a-2011},
  year={2011},
  institution={ISA}
}

@article{al-sawsn-10,
  author={C. {Alcaraz} and J. {Lopez}},
  title={{A Security Analysis for Wireless Sensor Mesh Networks in Highly Critical Systems}},
  journal={IEEE Transactions on Systems, Man, and Cybernetics, Part C (Applications and Reviews)},
  pages={419-428},
  volume={40},
  number={4},
  year={2010},
}

@article{kok-ipwsn-14,
  author={A. A. {Kumar S.} and K. {Ovsthus} and L. M. {Kristensen.}},
  title={{An Industrial Perspective on Wireless Sensor Networks - A Survey of Requirements, Protocols, and Challenges}},
  journal={IEEE Communications Surveys Tutorials},
  pages={1391-1412},
  volume={16},
  number={3},
  year={2014},
}

@article{cccxs-dccia-10,
  author={Jiming Chen and Xianghui Cao and Peng Cheng and Yang Xiao and Youxian Sun},
  title={{Distributed Collaborative Control for Industrial Automation With Wireless Sensor and Actuator Networks}},
  journal={IEEE Transactions on Industrial Electronics},
  pages={4219-4230},
  volume={57},
  number={12},
  year={2010},
}

@article{wj-ceapi-16,
  author={Quan Wang and Jin Jiang},
  title={{Comparative Examination on Architecture and Protocol of Industrial Wireless Sensor Network Standards}},
  journal={IEEE Communications Surveys Tutorials},
  pages={2197-2219},
  volume={18},
  number={3},
  year={2016},
}

@manual{stm-isms-19,
  organization  = {STMicroelectronics},
  title         = {{Introduction to STM32 microcontrollers security}},
  number        = {AN5156},
  year          = {2019},
  month         = {October},
  note          = {Rev. 3},
}

@misc{openwsn-edhocc-22,
  author={{OpenWSN}},
  title={{EDHOC-C}},
  year={2020},
  howpublished={\url{https://github.com/openwsn-berkeley/EDHOC-C}, last accessed 05-10-2022}
}

@misc{libcose-21,
  author={{Koen Bergzand}},
  title={{libCOSE}},
  year={2018},
  howpublished={\url{https://github.com/bergzand/libcose}, last accessed 05-10-2022}
}


@misc{intel-tinycrypt-20,
  author={{Intel Corporation}},
  title={{TinyCrypt Cryptographic Library}},
  year={2017},
  howpublished={\url{https://github.com/intel/tinycrypt}, last accessed 07-17-2020},
}

@misc{eclipse-tinydtls-22,
  author={{Eclipse Foundation}},
  title={{Eclipse tinyDTLS}},
  year={2017},
  howpublished={\url{https://github.com/eclipse/tinydtls}, last accessed 05-10-2022},
}

@misc{cifra-20,
  author={{Cifra Authors}},
  title={{A collection of cryptographic primitives targeted at embedded use}},
  howpublished={\url{https://github.com/ctz/cifra}, last accessed 10-11-2020},
}

@misc{micro-ecc-20,
  author={{Ken MacKay}},
  title={{micro-ecc}},
  howpublished={\url{http://kmackay.ca/micro-ecc/}, last accessed 10-11-2020},
}

@misc{wolfssl-21,
  author={{wolfSSL Inc.}},
  title={{wolfSSL Embedded TLS Library}},
  year={2021},
  howpublished={\url{https://www.wolfssl.com/}, last accessed 10-20-2021},
}

@misc{wolfcrpt-20,
  author={{wolfSSL Inc.}},
  title={{wolfCrypt Embedded Crypto Engine}},
  year={2020},
  howpublished={\url{https://www.wolfssl.com/products/wolfcrypt/}, last accessed 10-11-2020},
}

@misc{c25519-14,
  author={{Daniel Beer}},
  title={{Curve25519 and Ed25519 for low-memory systems}},
  year={2014},
  howpublished={\url{https://www.dlbeer.co.nz/oss/c25519.html}, last accessed 07-28-2022},
}

@misc{contiki-ng-20,
  author={{Apache Software Foundation}},
  title={{Contiki-NG: The OS for Next Generation IoT Devices}},
  howpublished={\url{https://github.com/contiki-ng/contiki-ng}, last accessed 10-11-2020},
}

@misc{apache-mynewt-20,
  author={{Apache Software Foundation}},
  title={{Apache Mynewt}},
  year={2020},
  howpublished={\url{https://mynewt.apache.org}, last accessed 07-17-2020},
}

@misc{free-rtos-20,
  author={{Amazon Web Services}},
  title={{FreeRTOS Real-time operating system for microcontrollers}},
  year={2020},
  howpublished={\url{https://www.freertos.org/}, last accessed 30-11-2020},
}

@misc{zephyr-20,
  author={{Zephyr Project}},
  title={{Zephyr}},
  year={2020},
  howpublished={\url{https://www.zephyrproject.org}, last accessed 07-17-2020},
}

@misc{h-ata-21,
  author       = {{Marten van Hulst}},
  title        = {{Anchoring TrustZone with SRAM PUF}},
  year         = {2019},
  howpublished = {\url{https://community.arm.com/arm-community-blogs/b/architectures-and-processors-blog/posts/anchoring-trustzone-with-sram-puf}, last accessed 09-29-2021}
}

@misc{arm-psa-21,
  author={{ARM Ltd.}},
  title={{ARM Platform Security Architecture}},
  year={2021},
  howpublished={\url{https://developer.arm.com/architectures/architecture-security-features/platform-security}, last accessed 09-28-2021},
}

@misc{arm-psacertified-21,
  author={{ARM Ltd.}},
  title={{ARM PSA Certified}},
  year={2021},
  howpublished={\url{https://www.psacertified.org}, last accessed 09-28-2021},
}

@misc{arm-psacrypto-20,
  author={{ARM Ltd.}},
  title={{PSA Cryptography API 1.0}},
  year={2020},
  howpublished={\url{https://armmbed.github.io/mbed-crypto/html/index.html}, last accessed 09-28-2021},
}

@misc{arm-psatests-21,
  author={{ARM Ltd.}},
  title={{PSA Functional APIs Architecture Test Suite}},
  year={2021},
  howpublished={\url{https://github.com/ARM-software/psa-arch-tests/tree/master/api-tests/dev_apis}, last accessed 10-07-2021},
}

@misc{arm-ffm-19,
  author={{ARM Ltd.}},
  title={{PSA Firmware Framework M}},
  year={2019},
  howpublished={\url{https://armkeil.blob.core.windows.net/developer/Files/pdf/PlatformSecurityArchitecture/Architect/DEN0063-PSA_Firmware_Framework-1.0.0-2.pdf}, last accessed 09-29-2021},
}

@misc{arm-tfm-21,
  author={{ARM Ltd.}},
  title={{ARM Trusted Firmware M}},
  year={2021},
  howpublished={\url{https://tf-m-user-guide.trustedfirmware.org}, last accessed 09-28-2021},
}

@misc{arm-tfa-21,
  author={{ARM Ltd.}},
  title={{ARM Trusted Firmware A}},
  year={2021},
  howpublished={\url{https://trustedfirmware-a.readthedocs.io/en/latest/}, last accessed 10-07-2021},
}

@misc{arm-mbedtls-20,
  author={{ARM Ltd.}},
  title={{Mbed TLS}},
  year={2020},
  howpublished={\url{https://tls.mbed.org}, last accessed 07-17-2020},
}

@misc{arm-mbed-20,
  author={{ARM Ltd.}},
  title={{Mbed OS}},
  year={2020},
  howpublished={\url{https://www.mbed.com}, last accessed 07-17-2020},
}

@misc{ttn,
  author = {TTN Community},
  title = {{The Things Network}},
  year = {2022},
  howpublished = {\url{https://www.thethingsnetwork.org/}, last accessed 04-12-2022},
}

@misc{chirpstack,
  author = {ChirpStack Community},
  title = {{ChirpStack, Open Source LoRaWAN Network Server Stack}},
  year = {2020},
  howpublished = {\url{https://www.chirpstack.io/}},
}

@misc{mynewt-nimble,
  author = {NimBLE Developers},
  title = {{Apache Mynewt NimBLE Stack}},
  howpublished = {\url{https://github.com/apache/mynewt-nimble}},
}

@techreport{nb-iot-16,
  author = {3GPP},
  title = {{Evolved Universal Terrestrial Radio Access (E-UTRA) and Evolved Universal Terrestrial Radio Access Network (E-UTRAN); Overall description; Stage 2}},
  institution = {3GPP},
  number = {TS 36.300 13.4.0},
  year = 2016,
  howpublished = {\url{http://www.3gpp.org/ftp/Specs/2016-09/Rel-14/36_series/}},
}


@misc{s-icnra-18,
  author       = {SILVAIR},
  title        = {{Information-centric networking -- a revolutionary approach to wireless lighting control}},
  year         = {2018},
  howpublished = {\url{http://silvair.com/resources/information-centric-networking/}}
}

@inproceedings{klj-bwmnp-15,
  author   = {Hyun-soo Kim and JungYub Lee and Ju Wook Jang},
  title    = {{BLEmesh: A Wireless Mesh Network Protocol for Bluetooth Low Energy Devices}},
  booktitle= {International Conference on Future Internet of Things and Cloud},
  year     = {2015},
  pages    = {558-563},
}

@article{gmis-pable-16,
  author    = {Asmir Gogic and Aljo Mujcic and Sandra Ibric and Nermin Suljanovic},
  title     = {{Performance Analysis of Bluetooth Low Energy Mesh Routing Algorithm in Case of Disaster Prediction}},
  journal   = {Journal of Information, Control and Computer Sciences},
  volume    = {10},
  number    = {6},
  pages     = {1075 - 1081},
  publisher = {World Academy of Science, Engineering and Technology},
  year      = {2016},
}

@inproceedings{llkb-sarb-16,
  author    = {Taeseop Lee and Myung{-}Sup Lee and Hyung{-}Sin Kim and Saewoong Bahk},
  title     = {A Synergistic Architecture for {RPL} over {BLE}},
  booktitle = {SECON},
  pages     = {1--9},
  publisher = {{IEEE}},
  year      = {2016}
}

@mastersthesis{s-nfbea-13,
  author    = {Linus Sunde},
  title     = {{NetInf Node for Bluetooth Enabled Android Devices}},
  school    = {Uppsala University, Department of Information Technology},
  number    = {13 081},
  year      = {2013}
}

@mastersthesis{ms-moses-14,
  author    = {Pourya Moradinia and Imal Sakhi},
  title     = {{Mobile Opportunistic Services for Experience Sharing : Via a NetInf Android Application}},
  school    = {KTH, Radio Systems Laboratory (RS Lab)},
  number    = {2014:58},
  year      = {2014}
}

@article{dsg-bmecm-19,
  author    = {Seyed Mahdi Darroudi and Ra{\"{u}}l Caldera-S \`{a}nchez and Carles Gomez},
  title     = {{Bluetooth Mesh Energy Consumption: A Model}},
  journal   = {Sensors},
  volume    = {19},
  number    = {5},
  pages     = {1238},
  year      = {2019}
}

@article{brsh-bmsoe-18,
  author    = {Mathias Baert and Jen Rossey and Adnan Shahid and Jeroen Hoebeke},
  title     = {{The Bluetooth Mesh Standard: An Overview and Experimental Evaluation}},
  journal   = {Sensors},
  volume    = {18},
  number    = {8},
  pages     = {2409},
  year      = {2018}
}

@inproceedings{sbzr-befpi-17,
  author    = {Michael Sp{\"{o}}rk and Carlo Alberto Boano and Marco Zimmerling and Kay R{\"{o}}mer},
  title     = {{BLEach: Exploiting the Full Potential of IPv6 over {BLE} in Constrained Embedded IoT Devices}},
  booktitle = {SenSys},
  pages     = {2:1--2:14},
  publisher = {ACM},
  year      = {2017}
}

@inproceedings{bils-smmbl-15,
  author    = {Andr{\'{a}}s Balogh and S{\'{a}}ndor Imre and K{\'{a}}roly Lendvai and S{\'{a}}ndor Szab{\'{o}}},
  title     = {{Service Mediation in multihop Bluetooth Low Energy networks based on {NDN} approach}},
  booktitle = {SoftCOM},
  pages     = {285--289},
  publisher = {IEEE},
  year      = {2015}
}

@article{dg-blemn-17,
  author    = {Seyed Mahdi Darroudi and Carles Gomez},
  title     = {{Bluetooth Low Energy Mesh Networks: {A} Survey}},
  journal   = {Sensors},
  volume    = {17},
  number    = {7},
  pages     = {1467:1--1467:19},
  year      = {2017}
}

@inproceedings{hs-frpbi-17,
  author    = {Josiah Hester and Jacob Sorber},
  title     = {{Flicker: Rapid Prototyping for the Batteryless Internet-of-Things}},
  booktitle = {Proceedings of the 15th ACM Conference on Embedded Network Sensor Systems},
  series    = {SenSys '17},
  pages     = {19:1--19:13},
  articleno = {19},
  numpages  = {13},
  year      = {2017},
  month     = {November},
  location  = {Delft, Netherlands},
  publisher = {ACM},
  address   = {New York, NY, USA}
}

@inproceedings{hs-fsbia-17,
  author = {Hester, Josiah and Sorber, Jacob},
  title = {{The Future of Sensing is Batteryless, Intermittent, and Awesome}},
  year = {2017},
  pages = {1--6},
  publisher = {Association for Computing Machinery},
  address = {New York, NY, USA},
  booktitle = {Proceedings of the 15th ACM Conference on Embedded Network Sensor Systems},
  location = {Delft, Netherlands},
  series = {SenSys '17}
}



@article{rtr-oease-14,
  author  = {Christian Renner and Volker Turau and Kay R{\"o}mer},
  title   = {{Online energy assessment with supercapacitors and energy harvesters}},
  journal = {Sustainable Computing: Informatics and Systems},
  volume  = {4},
  number  = {1},
  pages   = {10--23},
  year    = {2014},
  month   = {March}
}

@inproceedings{aghfg-tphse-18,
  author    = {Panagnos Anagnostou and Andres Gomez and Pascal A. Hager and Hamed Fatemi and Jos{\'e} Pineda de Gyvez and Lothar Thiele and Luca Benini},
  title     = {{Torpor: A Power-Aware HW Scheduler for Energy Harvesting IoT SoCs}},
  booktitle = {28th Intern. Symposium on Power and Timing Modeling, Optimization and Simulation (PATMOS)},
  pages     = {54--61},
  year      = {2018},
  month     = {July},
  location  = {Platja d'Aro, Spain},
  publisher = {IEEE},
  address   = {NY, USA}
}

@inproceedings{kackz-sadpn-18,
  author    = {Hyung-Sin Kim and Michael P. Andersen and Kaifei Chen and Sam Kumar and William J. Zhao and Kevin Ma and David E. Culler},
  title     = {{System Architecture Directions for Post-SoC/32-bit Networked Sensors}},
  booktitle = {Proceedings of the 16th ACM Conference on Embedded Networked Sensor Systems},
  series    = {SenSys '18},
  pages     = {264--277},
  year      = {2018},
  month     = {November},
  location  = {Shenzhen, China},
  publisher = {ACM},
  address   = {New York, NY, USA}
}

@inproceedings{pbar-pmehw-09,
  author    = {Joaquın Recas Piorno and Carlo Bergonzini and David Atienza and Tajana Simunic Rosing},
  title     = {{Prediction and Management in Energy Harvested Wireless Sensor Nodes}},
  booktitle = {1st International Conference on Wireless Communication, Vehicular Technology, Information Theory and Aerospace Electronic Systems Technology},
  pages     = {6--10},
  year      = {2009},
  month     = {May},
  location  = {Aalborg, Denmark},
  publisher = {IEEE},
  address   = {New York, NY, USA}
}

@inproceedings{bsbt-dpmle-14,
  author    = {Bernhard Buchli and Felix Sutton and Jan Beutel and Lothar Thiele},
  title     = {{Dynamic Power Management for Long-term Energy Neutral Operation of Solar Energy Harvesting Systems}},
  booktitle = {Proceedings of the 12th ACM Conference on Embedded Network Sensor Systems},
  series    = {SenSys '14},
  pages     = {31--45},
  year      = {2014},
  month     = {November},
  location  = {Memphis, Tennessee},
  publisher = {ACM},
  address   = {New York, NY, USA}
}

@inproceedings{bm-hecit-17,
  author    = {Naveed Anwar Bhatti and Luca Mottola},
  title     = {{HarvOS: Efficient Code Instrumentation for Transiently-powered Embedded Sensing}},
  booktitle = {Proceedings of the 16th ACM/IEEE International Conference on Information Processing in Sensor Networks},
  series    = {IPSN '17},
  location  = {Pittsburgh, Pennsylvania},
  pages     = {209--219},
  year      = {2017},
  month     = {April},
  publisher = {ACM},
  address   = {New York, NY, USA}
}

@inproceedings{vgb-acdce-07,
  author    = {Christopher M. Vigorito and Deepak Ganesan and Andrew G. Barto},
  title     = {{Adaptive Control of Duty Cycling in Energy-Harvesting Wireless Sensor Networks}},
  booktitle = {Proceedings of the Fourth Annual {IEEE} Communications Society Conference
               on Sensor, Mesh and Ad Hoc Communications and Networks, {SECON} 2007},
  pages     = {21--30},
  year      = {2007},
  publisher = {IEEE},
  address   = {New York, NY, USA}
}

@INPROCEEDINGS{lmgf-oeeme-13,
  author       = {Qiang Li and Marcelo Martins and Omprakash Gnawali and Rodrigo Fonseca},
  title        = {{On the Effectiveness of Energy Metering on Every Node}},
  booktitle    = {2013 IEEE International Conference on Distributed Computing in Sensor Systems},
  series       = {DCoSS 2013},
  pages        = {231--240},
  year         = {2013},
  month        = {May},
  location     = {Cambridge, Massachusetts, USA},
  publisher    = {IEEE Computer Society},
  address      = {Washington, DC, USA}
}

@INPROCEEDINGS{gjkz-gmoes-19,
  author    = {Kai Geissdoerfer and Raja Jurdak and Brano Kusy and Marco Zimmerling},
  title     = {{Getting More Out of Energy-harvesting Systems: Energy Management under Time-varying Utility with PreAct}},
  booktitle = {Proc. 18th International Conf. on Information Processing in Sensor Networks},
  series    = {IPSN '19},
  year      = {2019},
  month     = {April},
  pages     = {109-120},
  location  = {Montreal, Canada},
  publisher = {ACM},
  address   = {New York, NY, USA}
}

@TECHREPORT{b-bcsv-19,
  author       = {{Bluetooth Special Interest Group}},
  title        = {{Bluetooth Core Specification}},
  type         = {Bluetooth Specification},
  number       = {5.1},
  year         = {2019},
  month        = {January},
  institution  = {Bluetooth SIG},
  url          = "https://www.bluetooth.com/specifications/bluetooth-core-specification",
}

@TECHREPORT{b-bmpsv-19,
  author       = {{Bluetooth Special Interest Group}},
  title        = {{Mesh Profile}},
  type         = {Bluetooth Specification},
  number       = {1.0.1},
  year         = {2019},
  month        = {January},
  institution  = {Bluetooth SIG},
  url          = "https://www.bluetooth.com/specifications/mesh-specifications/",
}

@TECHREPORT{b-bmmsv-19,
  author       = {{Bluetooth Special Interest Group}},
  title        = {{Mesh Model Specification}},
  type         = {Bluetooth Specification},
  number       = {1.0.1},
  year         = {2019},
  month        = {January},
  institution  = {Bluetooth SIG},
  url          = "https://www.bluetooth.com/specifications/mesh-specifications/",
}

@TECHREPORT{la-toll-15,
  author       = {{LoRa Alliance}},
  title        = {{A Technical Overview of LoRa and LoRaWan}},
  year         = {2015},
  month        = {November},
  institution  = {LoRa Alliance},
  url          = "https://lora-alliance.org/sites/default/files/2018-04/what-is-lorawan.pdf"
}

@TECHREPORT{deft-pnppl-11,
  author      = {Adam Dunkels and Joakim Eriksson and Niclas Finne and Nicolas Tsiftes},
  title       = {{Powertrace: Network-level Power Profiling for Low-power Wireless Networks}},
  institution = {Swedish Institute of Computer Science},
  year        = {2011},
  month       = {April},
  publisher   = {Swedish Institute of Computer Science},
  urn         = {urn:nbn:se:ri:diva-23817}
}

@INPROCEEDINGS{doth-soees-07,
  author    = {Adam Dunkels and Fredrik Osterlind and Nicolas Tsiftes and Zhitao He},
  title     = {{Software-based On-line Energy Estimation for Sensor Nodes}},
  booktitle = {Proceedings of the 4th Workshop on Embedded Networked Sensors},
  series    = {EmNets '07},
  pages     = {28--32},
  year      = {2007},
  month     = {June},
  location  = {Cork, Ireland},
  publisher = {ACM},
  address   = {New York, NY, USA}
}

@INPROCEEDINGS{dfpc-emfas-08,
  author    = {Prabal Dutta and Mark Feldmeier and Joseph Paradiso and David Culler},
  title     = {{Energy Metering for Free: Augmenting Switching Regulators for Real-Time Monitoring}},
  booktitle = {Proceedings of the 7th International Conference on Information Processing in Sensor Networks},
  series    = {IPSN '08},
  pages     = {283--294},
  year      = {2008},
  month     = {April},
  location  = {St. Louis, MO, USA},
  publisher = {IEEE Computer Society},
  address   = {Washington, DC, USA}
}

@INPROCEEDINGS{jdcs-mpmem-07,
  author    = {Xiaofan Jiang and Prabal Dutta and David Culler and Ion Stoica},
  title     = {{Micro Power Meter for Energy Monitoring of Wireless Sensor Networks at Scale}},
  booktitle = {Proceedings of the 6th International Conference on Information Processing in Sensor Networks},
  series    = {IPSN '07},
  pages     = {186--195},
  year      = {2007},
  month     = {April},
  location  = {Cambridge, Massachusetts, USA},
  publisher = {ACM},
  address   = {New York, NY, USA}
}

@ARTICLE{jtotd-aemws-07,
  author    = {Xiaofan Jiang and Jay Taneja and Jorge Ortiz and Arsalan Tavakoli and Prabal Dutta and Jaein Jeong and David Culler and Philip Levis and Scott Shenker},
  title     = {{An Architecture for Energy Management in Wireless Sensor Networks}},
  journal   = {SIGBED Review},
  volume    = {4},
  number    = {3},
  pages     = {31--36},
  year      = {2007},
  month     = {July},
  publisher = {ACM},
  address   = {New York, NY, USA}
}

@INPROCEEDINGS{kzssk-ipcms-17,
  author    = {Giannis Kazdaridis and Ioannis Zographopoulos and Polychronis Symeonidis and Panagiotis Skrimponis and Thanasis Korakis and Leandros Tassiulas},
  title     = {{In-situ Power Consumption Meter for Sensor Networks supporting Extreme Dynamic Range}},
  booktitle = {Proceedings of the 11th Workshop on Wireless Network Testbeds, Experimental Evaluation \& CHaracterization},
  series    = {WiNTECH '17},
  pages     = {97--98},
  year      = {2017},
  month     = {October},
  location  = {Snowbird, Utah, USA},
  publisher = {ACM},
  address   = {New York, NY, USA}
}

@INPROCEEDINGS{lfzws-ftdst-13,
  author       = {Roman Lim and Federico Ferrari and Marco Zimmerling and Christoph Walser and Philipp Sommer and Jan Beutel},
  title        = {{FlockLab: A Testbed for Distributed, Synchronized Tracing and Profiling of Wireless Embedded Systems}},
  booktitle    = {Proc. 12th International Conference on Information Processing in Sensor Networks},
  series       = {IPSN '13},
  pages        = {153--166},
  year         = {2013},
  month        = {April},
  location     = {Philadelphia, Pennsylvania, USA},
  publisher    = {ACM},
  address      = {New York, NY, USA}
}

@INPROCEEDINGS{lhzga-araew-06,
  author    = {Liqian Luo and Tian He and Gang Zhou and Lin Gu and Tarek F. Abdelzaher and John A. Stankovic},
  title     = {{Achieving Repeatability of Asynchronous Events in Wireless Sensor Networks with EnviroLog}},
  booktitle = {Proceedings of the 25th IEEE International Conference on Computer Communications},
  series    = {INFOCOM},
  pages     = {1--14},
  year      = {2006},
  month     = {April},
  location  = {Barcelona, Catalunya, Spain},
  publisher = {IEEE Press},
  address   = {Piscataway, NJ, USA},
}

@INPROCEEDINGS{rs-efsnp-10,
  author    = {Rinalds Ruskuls and Leo Selavo},
  title     = {{EdiMote: A Flexible Sensor Node Prototyping And Profiling Tool}},
  booktitle = {Real-World Wireless Sensor Networks},
  series    = {LNCS},
  volume    = {6511},
  pages     = {194--197},
  year      = {2010},
  month     = {December},
  location  = {Colombo, Sri Lanka},
  publisher = {Springer Berlin Heidelberg},
  address   = {Berlin, Heidelberg}
}

@INPROCEEDINGS{shcaw-spcls-04,
  author       = {Victor Shnayder and Mark Hempstead and Bor-rong Chen and Geoff Werner Allen and Matt Welsh},
  title        = {{Simulating the Power Consumption of Large-Scale Sensor Network Applications}},
  booktitle    = {Proceedings of the 2nd International Conference on Embedded Networked Sensor Systems},
  series       = {SenSys '04},
  pages        = {188--200},
  year         = {2004},
  month        = {November},
  location     = {Baltimore, MD, USA},
  publisher    = {ACM},
  address      = {New York, NY, USA}
}

@INPROCEEDINGS{sglll-mvehi-2017,
  author    = {Lukas Sigrist and Andres Gomez and Roman Lim and Stefan Lippuner and Matthias Leubin and Lothar Thiele},
  title     = {{Measurement and Validation of Energy Harvesting IoT Devices}},
  booktitle = {Proc. Conference on Design, Automation \& Test in Europe},
  series    = {DATE '17},
  pages     = {1159--1164},
  year      = {2017},
  month     = {March},
  location  = {Lausanne, Switzerland},
  publisher = {European Design and Automation Association},
  address   = {Leuven, Belgium}
}

@INPROCEEDINGS{sk-mdtdw-13,
  author    = {Philipp Sommer and Branislav Kusy},
  title     = {{Minerva: Distributed Tracing and Debugging in Wireless Sensor Networks}},
  booktitle = {Proceedings of the 11th ACM Conference on Embedded Networked Sensor Systems},
  series    = {SenSys '13},
  pages     = {12:1--12:14},
  year      = {2013},
  month     = {November},
  location  = {Roma, Italy},
  publisher = {ACM},
  address   = {New York, NY, USA}
}

@INPROCEEDINGS{smk-eertd-08,
  author    = {Thanos Stathopoulos and Dustin McIntire and William J. Kaiser},
  title     = {{The Energy Endoscope: Real-time Detailed Energy Accounting for Wireless Sensor Nodes}},
  booktitle = {Proceedings of the 7th International Conference on Information Processing in Sensor Networks},
  series    = {IPSN '08},
  pages     = {383--394},
  year      = {2008},
  month     = {April},
  location  = {St. Louis, Missouri, USA},
  publisher = {IEEE Computer Society},
  address   = {Washington, DC, USA}
}

@INPROCEEDINGS{thbr-ahsan-11,
  author    = {Matthew Tancreti and Mohammad Sajjad Hossain and Saurabh Bagchiand and Vijay Raghunathan},
  title     = {{AVEKSHA: A Hardware-Software Approach for Non-intrusive Tracing and Profiling of Wireless Embedded Systems}},
  booktitle = {Proceedings of the 9th ACM Conference on Embedded Networked Sensor Systems},
  series    = {SenSys '11},
  pages     = {288--301},
  year      = {2011},
  month     = {November},
  location  = {Seattle, Washington},
  publisher = {ACM},
  address   = {New York, NY, USA}
}

@INPROCEEDINGS{tlp-assns-05,
  author       = {Ben L. Titzer and Daniel K. Lee and Jens Palsberg},
  title        = {{Avrora: Scalable Sensor Network Simulation with Precise Timing}},
  booktitle    = {Proceedings of the 4th International Symposium on Information Processing in Sensor Networks},
  series       = {IPSN '05},
  pages        = {477--482},
  year         = {2005},
  month        = {April},
  location     = {Los Angeles, California},
  publisher    = {IEEE Press},
  address      = {Piscataway, NJ, USA}
}

@INPROCEEDINGS{zsfs-ebgbs-11,
  author    = {Hong Zhang and Mastooreh Salajegheh and Kevin Fu and Jacob Sorber},
  title     = {{Ekho: Bridging the Gap Between Simulation and Reality in Tiny Energy-Harvesting Sensors}},
  booktitle = {Proceedings of the 4th Workshop on Power-Aware Computing and Systems},
  series    = {HotPower '11},
  pages     = {9:1--9:5},
  year      = {2011},
  month     = {October},
  location  = {Cascais, Portugal},
  publisher = {ACM},
  address   = {New York, NY, USA}
}

@INPROCEEDINGS{zx-nhfnp-13,
  author       = {Ruogu Zhou and Guoliang Xing},
  title        = {{Nemo: A High-fidelity Noninvasive Power Meter System for Wireless Sensor Networks}},
  booktitle    = {12th International Conference on Information Processing in Sensor Networks},
  series       = {IPSN '13},
  pages        = {141--152},
  year         = {2013},
  month        = {April},
  location     = {Philadelphia, PA, USA},
  publisher    = {ACM},
  address      = {New York, NY, USA}
}

@INPROCEEDINGS{lwg-appcs-05,
  author    = {Olaf Landsiedel and Klaus Wehrle and Stefan Gotz},
  title     = {{Accurate Prediction of Power Consumption in Sensor Networks}},
  booktitle = {Proceedings of the 2nd IEEE Workshop on Embedded Networked Sensors},
  series    = {EmNets '05},
  location  = {Sydney, Australia},
  year      = {2005},
  month     = {May},
  pages     = {37--44},
  publisher = {IEEE Computer Society},
  address   = {Washington, DC, USA}
}

@ARTICLE{sk-ehsns-11,
  author    = {Sujesha Sudevalayam and Purushottam Kulkarni},
  title     = {{Energy Harvesting Sensor Nodes: Survey and Implications}},
  journal   = {IEEE Communications Surveys \& Tutorials},
  volume    = {13},
  number    = {3},
  pages     = {443-461},
  year      = {2011},
  month     = {March},
  publisher = {IEEE Press},
  address   = {Piscataway, NJ, USA}
}

@ARTICLE{khzs-pmehs-07,
 author    = {Aman Kansal and Jason Hsu and Sadaf Zahedi and Mani B. Srivastava},
 title     = {{Power Management in Energy Harvesting Sensor Networks}},
 journal   = {ACM Transactions on Embedded Computing Systems},
 series    = {LCTES'05},
 volume    = {6},
 number    = {4},
 pages     = {32--44},
 year      = {2007},
 month     = {September},
 publisher = {ACM},
 address   = {New York, NY, USA}
}

@INPROCEEDINGS{rkhfs-dcseh-05,
  author    = {Vijay Raghunathan and Aman Kansal and Jason Hsu and Jonathan Friedman and Mani Srivastava},
  title     = {{Design Considerations for Solar Energy Harvesting Wireless Embedded Systems}},
  booktitle = {Proceedings of the 4th International Symposium on Information Processing in Sensor Networks},
  series    = {IPSN '05},
  pages     = {457-462},
  year      = {2005},
  month     = {April},
  location  = {Los Angeles, California},
  publisher = {IEEE Press},
  address   = {Piscataway, NJ, USA}
}

@INPROCEEDINGS{pc-aaehp-06,
  author       = {Chulsung Park and Pai H. Chou},
  title        = {{AmbiMax: Autonomous Energy Harvesting Platform for Multi-Supply Wireless Sensor Nodes}},
  booktitle    = {3rd Annual IEEE Communications Society on Sensor and Ad Hoc Communications and Networks},
  series       = {SECON'06},
  volume       = {1},
  pages        = {168--177},
  year         = {2006},
  month        = {September},
  location     = {Reston, VA, USA},
  organization = {IEEE Press},
  address      = {Piscataway, NJ, USA}
}

@INPROCEEDINGS{arcsj-sipen-16,
 author       = {Muhammad Hamad Alizai and Qasim Raza and Yasra Chandio and Affan A. Syed and Tariq M. Jadoon},
 title        = {{Simulating Intermittently Powered Embedded Networks}},
 booktitle    = {Proceedings of the International Conference on Embedded Wireless Systems and Networks},
 series       = {EWSN '16},
 pages        = {35--40},
 year         = {2016},
 location     = {Graz, Austria},
 publisher    = {Junction Publishing},
 address      = {Canada}
}

@INPROCEEDINGS{lt-tacft-17,
 author       = {Roman Lim and Lothar Thiele},
 title        = {{Testbed Assisted Control Flow Tracing for Wireless Embedded Systems}},
 booktitle    = {Proceedings of the International Conference on Embedded Wireless Systems and Networks},
 series       = {EWSN '17},
 pages        = {180--191},
 year         = {2017},
 location     = {Uppsala, Sweden},
 publisher    = {Junction Publishing},
 address      = {Canada}
}

@INPROCEEDINGS{gsa-atser-16,
 author     = {Arda Gumusalan and Robert Simon and Hakan Aydin},
 title      = {{Adaptive Transmission Scheduling for Energy-Aware Real-Time Wireless Communication}},
 booktitle  = {Proceedings of the International Conference on Embedded Wireless Systems and Networks},
 series     = {EWSN '16},
 year       = {2016},
 pages      = {1--12},
 location   = {Graz, Austria},
 publisher  = {Junction Publishing},
 address    = {Canada}
}

@ARTICLE{basm-ehwts-16,
 author    = {Naveed Anwar Bhatti and Muhammad Hamad Alizai and Affan A Syed and Luca Mottola},
 title     = {{Energy Harvesting and Wireless Transfer in Sensor Network Applications: Concepts and Experiences}},
 journal   = {ACM Transactions on Sensor Networks (TOSN)},
 volume    = {12},
 number    = {3},
 pages     = {24:1--24:40},
 year      = {2016},
 publisher = {ACM},
 month     = {August},
 address   = {New York, NY, USA},
}

@techreport{mqttsn12,
  author = {Andy Stanford-Clark and Hong Linh Truong},
  title = {{MQTT For Sensor Networks (MQTT-SN) Version 1.2}},
  institution = {IBM},
  type = {Protocol Specification},
  month = {November},
  year = {2013},
  url = {http://mqtt.org/new/wp-content/uploads/2009/06/MQTT-SN\_spec\_v1.2.pdf}
}

@techreport{mqtt311,
  author = {Andrew Banks and Rahul Gupta (Eds.)},
  title = {{MQTT Version 3.1.1}},
  institution = {OASIS},
  type = {OASIS Standard},
  month = {October},
  year = {2014},
  url = {http://docs.oasis-open.org/mqtt/mqtt/v3.1.1/os/mqtt-v3.1.1-os.html}
}

@inproceedings{b-beeap-00,
 author     = {Frank Bellosa},
 title      = {{The Benefits of Event-Driven Energy Accounting in Power-Sensitive Systems}},
 booktitle  = {Proceedings of the 9th Workshop on ACM SIGOPS European Workshop},
 series     = {EW 9},
 pages      = {37--42},
 year       = {2000},
 month      = {September},
 location   = {Kolding, Denmark},
 publisher  = {ACM},
 address    = {New York, NY, USA},
}

@inproceedings{phzbw-fpmsu-11,
  author     = {Abhinav Pathak and Y. Charlie Hu and Ming Zhang and Paramvir Bahl and Yi-Min Wang},
  title      = {{Fine-Grained Power Modeling for Smartphones Using System Call Tracing}},
  booktitle  = {Proceedings of the Sixth Conference on Computer Systems},
  series     = {EuroSys '11},
  pages      = {153--168},
  year       = {2011},
  month      = {April},
  location   = {Salzburg, Austria},
  publisher  = {ACM},
  address    = {New York, NY, USA},
}

@inproceedings{k-foeat-10,
  author     = {Simon Kellner},
  title      = {{Flexible Online Energy Accounting in TinyOS}},
  booktitle  = {Real-World Wireless Sensor Networks},
  series     = {LNCS},
  volume     = {6511},
  pages      = {62--73},
  year       = {2010},
  month      = {December},
  location   = {Colombo, Sri Lanka},
  publisher  = {Springer Berlin Heidelberg},
  address    = {Berlin, Heidelberg},
}

@inproceedings{fdls-qtene-08,
  author     = {Rodrigo Fonseca and Prabal Dutta and Philip Levis and Ion Stoica},
  title      = {{Quanto: Tracking Energy in Networked Embedded Systems}},
  booktitle  = {Proceedings of the 8th USENIX Conference on Operating Systems Design and Implementation},
  series     = {OSDI'08},
  pages      = {323--338},
  year       = {2008},
  month      = {December},
  location   = {San Diego, California},
  publisher  = {USENIX Association},
  address    = {Berkeley, CA, USA},
}

@inproceedings{drs-ppppt-09,
  author     = {Thanh Do and Suhib Rawshdeh and Weisong Shi},
  title      = {{pTop: A Process-level Power Profiling Tool}},
  booktitle  = {Proceedings of the 2nd Workshop on Power Aware Computing and Systems},
  series     = {HotPower'09},
  numpages   = {5},
  year       = {2009},
  month      = {October},
  location   = {Big Sky, MT},
  publisher  = {ACM},
  address    = {New York, NY, USA},
}

@inproceedings{tyjh-rdibe-18,
  author    = {Ashok Samraj Thangarajan and Fan Yang and Wouter Joosen and Danny Hughes},
  title     = {{Real-time Distributed In-Situ Benchmarking of Energy Harvesting IoT Devices}},
  booktitle = {Proceedings of the 5th Workshop on Middleware and Applications for the Internet of Things},
  series    = {M4IoT'18},
  pages     = {19--24},
  year      = {2018},
  month     = {December},
  location  = {Rennes, France},
  publisher = {ACM},
  address   = {New York, NY, USA},
}

@ARTICLE{lyzyz-sitae-17,
  author={J. {Lin} and W. {Yu} and N. {Zhang} and X. {Yang} and H. {Zhang} and W. {Zhao}},
  journal={IEEE Internet of Things Journal},
  title={{A Survey on Internet of Things: Architecture, Enabling Technologies, Security and Privacy, and Applications}},
  year={2017},
  volume={4},
  number={5},
  pages={1125-1142},
  doi={10.1109/JIOT.2017.2683200},
  month={Oct},
  publisher = {IEEE},
}

@INPROCEEDINGS{kt-sitapp-15,
  author={S. {Kraijak} and P. {Tuwanut}},
  booktitle={IEEE 16th International Conference on Communication Technology (ICCT '15)},
  title={{A survey on internet of things architecture, protocols, possible applications, security, privacy, real-world implementation and future trends}},
  year={2015},
  pages={26-31},
  month={Oct},
  publisher = {IEEE},
}

@INPROCEEDINGS{slas-twtmpw-19,
  author={Aritra Sengupta and Tanakorn Leesatapornwongsa and Masoud Saeida Ardekani and Cesar A. Stuardo},
  booktitle={2019 USENIX Annual Technical Conference},
  title={{Transactuations: Where Transactions Meet the Physical World}},
  year={2019},
  pages={91--106},
  month={July},
  publisher = {USENIX Association},
  address = {Renton, WA, USA},
}

@INPROCEEDINGS{bmas-iapo-19,
  author    = {Adriano Branco and Luca Mottola and Muhammad Hamad Alizai and Junaid Haroon Siddiqui},
  title     = {{Intermittent Asynchronous Peripheral Operations}},
  booktitle = {Proceedings of the 17th Conference on Embedded Networked Sensor Systems},
  series    = {SenSys '19},
  year      = {2019},
  month     = {November},
  location  = {New York, New York},
  pages     = {55--67},
  numpages  = {13},
  publisher = {ACM},
  address   = {New York, NY, USA},
}

@inproceedings{gcz-sptbi-19,
  author    = {Kai Geissdoerfer and Miko{\l}aj Chwalisz and Marco Zimmerling},
  title     = {{Shepherd: A Portable Testbed for the Batteryless IoT}},
  booktitle = {Proc. 17th Conf. on Embedded Networked Sensor Systems},
  series    = {SenSys '19},
  year      = {2019},
  location  = {New York, New York},
  pages     = {83--95},
  numpages  = {13},
  publisher = {ACM},
  address   = {New York, NY, USA},
}

@ARTICLE{cvzz-lcubr-16,
  author    = {Marco Centenaro and Lorenzo Vangelista and Andrea Zanella and Michele Zorzi},
  title     = {{Long-Range Communications in Unlicensed Bands: the Rising Stars in the IoT and Smart City Scenarios}},
  journal   = {Wireless Communications},
  publisher = {IEEE},
  volume    = {23},
  number    = {5},
  pages     = {60--67},
  year      = 2016,
  month     = oct,
}

@INPROCEEDINGS{srasa-llpwp-17,
  author    = {Jonathan de Carvalho Silva and Joel J. P. C. Rodrigues and Antonio Marcos Alberti and Petar Solic and Andre L. L. Aquino},
  title     = {{LoRaWAN -- A Low Power WAN Protocol for Internet of Things: A Review and Opportunities}},
  booktitle = {2nd International Multidisciplinary Conference on Computer and Energy Science},
  series    = {SpliTech'17},
  pages     = {1--6},
  year      = 2017,
  month     = jul,
}

@ARTICLE{avtms-ull-17,
  author    = {Ferran Adelantado and Xavier Vilajosana and Pere Tuset-Peiro and Borja Martinez and Joan Melia-Segui and Thomas Watteyne},
  title     = {{Understanding the Limits of LoRaWAN}},
  journal   = {Communications Magazine},
  publisher = {IEEE},
  volume    = {55},
  number    = {9},
  pages     = {34--40},
  year      = 2017,
  month     = sep,
}

@techreport{bk-lwmtn-17,
  author    = {Norbert Blenn and Fernando Kuipers},
  title     = {{LoRaWAN in the Wild: Measurements from The Things Network}},
  type      = {Technical Report},
  institution = {Open Archive: arXiv.org},
  number    = {arXiv:1706.03086},
  year      = 2017,
  month     = jun,
  url       = {https://arxiv.org/pdf/1706.03086},
}


@article{lgtl-kufle-19,
  author    = {Jansen C. Liando and Amalinda Gamage and Agustinus W. Tengourtius and Mo Li},
  title     = {{Known and Unknown Facts of LoRa: Experiences from a Large-Scale Measurement Study}},
  journal   = {Transactions on Sensor Networks (TOSN)},
  volume    = {15},
  number    = {2},
  pages     = {16},
  publisher = {ACM},
  address   = {New York, NY, USA},
  url       = {https://doi.org/10.1145/3293534},
  year      = 2019,
  month     = feb,
}

@techreport{lorawan-bi-spec-1,
  author    = {{LoRa Alliance -- Technical Committee}},
  title     = {LoRaWAN Backend Interfaces 1.0 Specification},
  institution = {LoRa Alliance},
  year      = 2017,
  month     = oct,
  url       = {https://lora-alliance.org/sites/default/files/2018-04/lorawantm-backend-interfaces-v1.0.pdf},
}

@techreport{lorawan-mcast-spec-1,
  author    = {{LoRa Alliance -- Technical Committee}},
  title     = {LoRaWAN Remote Multicast Setup Specification v1.0.0},
  institution = {LoRa Alliance},
  year      = 2018,
  month     = sep,
  url       = {https://lora-alliance.org/sites/default/files/2018-09/remote_multicast_setup_v1.0.0.pdf},
}

@techreport{lorawan-spec-11,
  author    = {{LoRa Alliance -- Technical Committee}},
  title     = {LoRaWAN 1.1 Specification},
  institution = {LoRa Alliance},
  year      = 2017,
  month     = oct,
  url       = {https://lora-alliance.org/sites/default/files/2018-04/lorawantm_specification_-v1.1.pdf},
}

@INPROCEEDINGS{ypmp-il5tn-17,
  author    = {Rumana Yasmin and Juha Pet{\"a}j{\"a}j{\"a}rvi and Konstantin Mikhaylov and Ari Pouttu},
  title     = {{On the Integration of LoRaWAN with the 5G Test Network}},
  booktitle = {28th Annual International Symposium on Personal, Indoor, and Mobile Radio Communications},
  series    = {PIMRC'17},
  publisher = {IEEE},
  pages     = {1--6},
  year      = 2017,
  month     = oct,
}

@INPROCEEDINGS{vlnkm-ccasl-17,
  author    = {Benny Vejlgaard and Mads Lauridsen and Huan Nguyen and Istv{\'a}n Z. Kov{\'a}cs and Preben Mogensen and Mads S{\o}rensen},
  title     = {{Coverage and Capacity Analysis of Sigfox, LoRa, GPRS, and NB-IoT}},
  booktitle = {85th Vehicular Technology Conference},
  series    = {VTC Spring},
  publisher = {IEEE},
  pages     = {1--5},
  year      = 2017,
  month     = jun,
}

@inproceedings{spd-aclnd-18,
  author    = {Mariusz Slabicki and Gopika Premsankar and Mario {Di Francesco}},
  title     = {{Adaptive Configuration of LoRa Networks for Dense IoT Deployments}},
  booktitle = {Proc. of IEEE/IFIP Network Operations and Management Symposium (NOMS'18)},
  pages     = {1--9},
  year      = {2018},
  publisher = {IEEE Press},
  address   = {Piscataway, NJ, USA},
}

@INPROCEEDINGS{wklta-ellws-16,
  author    = {A. J. {Wixted} and P. {Kinnaird} and H. {Larijani} and A. {Tait} and A. {Ahmadinia} and N. {Strachan}},
  title     = {{Evaluation of LoRa and LoRaWAN for Wireless Sensor Networks}},
  booktitle = {IEEE SENSORS},
  pages     = {1--3},
  year      = 2016,
  month     = oct,
}

@techreport{semtech-an1200-13,
  author    = {{Advanced Communications and Sensing Products Division}},
  title     = {{SX1272/3/6/7/8: LoRa Modem Design Guide}},
  institution = {{Semtech Corporation}},
  number    = {AN1200.13},
  year      = 2013,
  month     = jul,
}


@INPROCEEDINGS{hlss-sti-09,
  author={W. {Hofer} and D. {Lohmann} and F. {Scheler} and W. {Schröder-Preikschat}},
  booktitle={30th IEEE Real-Time Systems Symposium (RTSS'09)},
  title={{Sloth: Threads as Interrupts}},
  pages={204--213},
  year=2009,
}

@INPROCEEDINGS{hdmss-stehs-12,
  author={W. {Hofer} and D. {Danner} and R. {Müller} and F. {Scheler} and W. {Schröder-Preikschat} and D. {Lohmann}},
  booktitle={IEEE 33rd Real-Time Systems Symposium (RTSS'12)},
  title={{Sloth on Time: Efficient Hardware-Based Scheduling for Time-Triggered RTOS}},
  year=2012,
  pages={237-247},
}

@INPROCEEDINGS{hls-sstit-11,
  author={W. {Hofer} and D. {Lohmann} and W. {Schröder-Preikschat}},
  booktitle={IEEE 32nd Real-Time Systems Symposium (RTSS'11)},
  title={{Sleepy Sloth: Threads as Interrupts as Threads}},
  year={2011},
  pages={67-77},
}

@inproceedings{pbrbi-3snes-08,
  author = {Peter, Simon and Baumann, Andrew and Roscoe, Timothy and Barham, Paul and Isaacs, Rebecca},
  booktitle = {3rd ACM SIGOPS/EuroSys European Conference on Computer Systems 2008},
  title = {{30 Seconds is Not Enough! A Study of Operating System Timer Usage}},
  series = {Eurosys ’08},
  year = {2008},
  pages = {205-218},
  numpages = {14},
  address = {New York, NY, USA},
  location = {Glasgow, Scotland UK},
  publisher = {Association for Computing Machinery},
  keywords = {kernel interface design, scheduling, adaptability, timers},
}

@inproceedings{aasma-icdvf-20,
  author = {Saad Ahmed and Qurat ul Ain and Junaid Haroon Siddiqui and Luca Mottola and Muhammad Hamad Alizai},
  title = {{Intermittent Computing with Dynamic Voltage and Frequency Scaling}},
  year = {2020},
  month = {February},
  publisher = {Junction Publishing},
  address = {USA},
  booktitle = {Proc. of the 2020 International Conference on Embedded Wireless Systems and Networks},
  pages = {97--107},
  numpages = {11},
  location = {Lyon, France},
  series = {EWSN ’20}
}

@article{kbw-iruws-16,
  author = {Ulf Kulau and Felix B\"{u}sching and Lars Wolf},
  title = {{IdealVolting: Reliable Undervolting on Wireless Sensor Nodes}},
  year = {2016},
  publisher = {Association for Computing Machinery},
  address = {New York, NY, USA},
  volume = {12},
  number = {2},
  journal = {ACM Transactions on Sensor Networks},
  month = {April},
  articleno = {11},
  numpages = {38},
}

@inproceedings{lqw-eadvf-08,
  author = {Shaobo Liu and Qinru Qiu and Qing Wu},
  title = {{Energy Aware Dynamic Voltage and Frequency Selection for Real-Time Systems with Energy Harvesting}},
  year = {2008},
  month = {March},
  publisher = {ACM},
  address = {New York, NY, USA},
  booktitle = {Proceedings of the Conference on Design, Automation and Test in Europe},
  pages = {236--241},
  numpages = {6},
  location = {Munich, Germany},
  series = {DATE ’08}
}

@inproceedings{acilp-idvfs-17,
  author = {Ryan Antonio and Rafael Costa and Aldrin Ison and Wesley Lim and Robert Pajado and Deanne Roque and Ruelle Yutuc and Chris Densing and Maria Theresa de Leon and Marc Rosales and Louis Alarcon},
  title = {{Implementation of Dynamic Voltage Frequency Scaling on a Processor for Wireless Sensing Applications}},
  year = {2017},
  month = {November},
  pages = {2955-2960},
  booktitle = {TENCON 2017 - 2017 IEEE Region 10 Conference},
  location = {Penang, Malaysia},
  publisher = {IEEE},
  address   = {Piscataway, NJ, USA},
}

@inproceedings{pbl-dvfsb-09,
  author = {Harry C. Powell and Adam T. Barth and John Lach},
  title = {Dynamic Voltage-Frequency Scaling in Body Area Sensor Networks Using COTS Components},
  year = {2009},
  publisher = {ICST (Institute for Computer Sciences, Social-Informatics and Telecommunications Engineering)},
  address = {Brussels, BEL},
  booktitle = {Proceedings of the Fourth International Conference on Body Area Networks},
  articleno = {15},
  numpages = {8},
  location = {Los Angeles, California},
  series = {BodyNets ’09}
}

@article{slhyz-sbbeu-18,
  author = {Li Songfan and Li Lu and Muhammad Hussain and Yalan Ye and Hongzi Zhu},
  title = {{Sentinel: Breaking the Bottleneck of Energy Utilization Efficiency in RF-Powered Devices}},
  year = {2019},
  month = {02},
  pages = {705--717},
  volume = {6},
  journal = {IEEE Internet of Things Journal},
}

@inproceedings{szs-amctc-16,
  author    = {Mirela Simonovi\'{c} and Vojin \u{Z}ivojnovi\'{c} and Lazar Saranovac},
  title     = {{An Approach to Modeling Clock Tree of a Complex System-on-Chip}},
  year      = {2016},
  pages     = {1--4},
  month     = {November},
  booktitle = {2016 24th Telecommunications Forum (TELFOR)},
  location  = {Belgrade, Serbia},
  publisher = {IEEE},
  address   = {Piscataway, NJ, USA},
}

@article{ee-fduor-11,
  author     = {Stijn Eyerman and Lieven Eeckhout},
  title      = {{Fine-Grained DVFS Using on-Chip Regulators}},
  year       = {2011},
  month      = {February},
  volume     = {8},
  number     = {1},
  journal    = {ACM Transactions on Architecture and Code Optimization},
  articleno  = {1},
  numpages   = {24},
  publisher  = {ACM},
  address    = {New York, NY, USA},
}

@inproceedings{cbba-pcmde-10,
  author    = {Andrea Castagnetti and Cecile Belleudy and Sebastien Bilavarn and Michel Auguin},
  title     = {{Power Consumption Modeling for DVFS Exploitation}},
  year      = {2010},
  month     = {September},
  location  = {Lille, France},
  booktitle = {2010 13th Euromicro Conference on Digital System Design: Architectures, Methods and Tools},
  pages     = {579-586},
  publisher = {IEEE},
  address   = {Piscataway, NJ, USA},
 }

@article{zmxy-eicgc-17,
  author  = {Tao-Tao Zhu and Jian-Yi Meng and Xiao-Yan Xiang and Xiao-Lang Yan},
  journal = {IEEE Transactions on Very Large Scale Integration (VLSI) Systems},
  title   = {{Error-Resilient Integrated Clock Gate for Clock-Tree Power Optimization on a Wide Voltage IOT Processor}},
  year    = {2017},
  volume  = {25},
  number  = {5},
  pages   = {1681-1693},
}

@inproceedings{bpopf-ieema-17,
  author    = {Sridutt Bhalachandra and Allan Porterfield and Stephen L. Olivier and Jan F. Prins and Robert J. Fowler},
  title     = {{Improving Energy Efficiency in Memory-Constrained Applications Using Core-Specific Power Control}},
  year      = {2017},
  publisher = {ACM},
  address   = {New York, NY, USA},
  booktitle = {Proceedings of the 5th International Workshop on Energy Efficient Supercomputing},
  articleno = {6},
  numpages  = {8},
  location  = {Denver, CO, USA},
  series    = {E2SC'17},
}

@inproceedings {fml-pshft-20,
  author    = {Bo Feng and Alejandro Mera and Long Lu},
  title     = {{P2IM: Scalable and Hardware-independent Firmware Testing via Automatic Peripheral Interface Modeling}},
  booktitle = {29th USENIX Security Symposium},
  year      = {2020},
  pages     = {1237--1254},
  publisher = {USENIX Association},
  month     = aug,
}

@inproceedings{lpcs-tsacp-04,
  author    = {Philip Levis and Neil Patel and David Culler and Scott Shenker},
  title     = {{Trickle: A Self-Regulating Algorithm for Code Propagation and Maintenance in Wireless Sensor Networks}},
  booktitle = {Proc. of NSDI},
  pages     = {2},
  numpages  = {1},
  year      = {2004},
  location  = {San Francisco, California},
  series    = {NSDI'04},
  address   = {Berkeley, CA, USA},
  publisher = {USENIX Association},
}

@inproceedings{tdsmb-fmmtv-20,
  author    = {Roman Tr\"{u}b and Reto Da Forno and Lukas Sigrist and Lorin M\"{u}hlebach and Andreas Biri and Jan Beutel and Lothar Thiele},
  title     = {{FlockLab 2: Multi-Modal Testing and Validation for Wireless IoT}},
  booktitle = {3rd WS on Benchmarking Cyber-Physical Systems and Internet of Things (CPS-IoTBench 2020)},
  year      = {2020},
  month     = {September},
  publisher = {ETH Zurich, TIK Laboratory},
}

@inproceedings{tksl-mbtmh-04,
  author    = {Li Tan and Jesung Kim and Oleg Sokolsky and Insup Lee},
  title     = {{Model-based Testing and Monitoring for Hybrid Embedded Systems}},
  booktitle = {Proceedings of the 2004 IEEE International Conference on Information Reuse and Integration, 2004. IRI 2004.},
  location  = {Las Vegas, NV, USA},
  year      = {2004},
  month     = {May},
  pages     = {487--492},
  publisher = {IEEE},
 }

@inproceedings{hkww-tsrtwiesn-06,
  author    = {Vlado  Handziski and Andreas K\"{o}pke and Andreas  Willig and Adam  Wolisz},
  title     = {{TWIST: a scalable and reconfigurable testbed for wireless indoor experiments with sensor networks}},
  booktitle = {REALMAN '06: Proceedings of the 2nd international workshop on Multi-hop ad hoc networks: from theory to reality},
  year      = {2006},
  month     = {May},
  publisher = {ACM},
}

@inproceedings{lmdbt-tfttsbwsn-15,
  author    = {Roman Lim and Balz Maag and Benjamin Dissler and Jan Beutel and Lothar Thiele},
  title     = {{A testbed for fine-grained tracing of time sensitive behavior in wireless sensor networks}},
  booktitle = {2015 IEEE 40th Local Computer Networks Conference Workshops (LCN Workshops)},
  year      = {2015},
  month     = {October},
  publisher = {IEEE},
}

@inproceedings{cagll-pcdmc-21,
  author    = {Holly Chiang and Hudson Ayers and Daniel Giffin and Amit Levy and Philip Levis},
  title     = {{Power Clocks: Dynamic Multi-Clock Management for Embedded Systems}},
  year      = {2021},
  month     = {February},
  publisher = {Junction Publishing},
  address   = {USA},
  booktitle = {Proceedings of the 2021 International Conference on Embedded Wireless Systems and Networks},
  pages     = {139–150},
  numpages  = {12},
  location  = {Delft, The Netherlands},
  series    = {EWSN '21}
}

@article{nzsr-pasei-22,
  author = {Noseda, Mario and Zimmerli, Lea and Schläpfer, Tobias and Rüst, Andreas},
  title = {{Performance Analysis of Secure Elements for IoT}},
  journal = {IoT},
  year = {2022},
  volume = {3},
  number = {1},
  pages  = {1--28},
}

@article{abccc-osmas-13,
  author   = {Saswat Anand and Edmund K. Burke and Tsong Yueh Chen and John Clark and Myra B. Cohen and Wolfgang Grieskamp and Mark Harman and Mary Jean Harrold and Phil McMinn and Antonia Bertolino and J. {Jenny Li} and Hong Zhu},
  title    = {{An orchestrated survey of methodologies for automated software test case generation}},
  journal  = {Journal of Systems and Software},
  volume   = {86},
  number   = {8},
  pages    = {1978--2001},
  year     = {2013},
  month    = {August},
}

@inproceedings{cssms-astit-19,
  author    = {Mariela Cort\'{e}s and Raphael Saraiva and Marcia Souza and Patricia Mello and Pamella Soares},
  title     = {{Adoption of Software Testing in Internet of Things: A Systematic Literature Mapping}},
  year      = {2019},
  month     = {September},
  publisher = {Association for Computing Machinery},
  address   = {New York, NY, USA},
  booktitle = {Proceedings of the IV Brazilian Symposium on Systematic and Automated Software Testing},
  pages     = {3--11},
  numpages  = {9},
  location  = {Salvador, Brazil},
  series    = {SAST 2019},
}

@inproceedings{dcpf-boett-18,
  author    = {Jo{\~a}o Pedro Dias and Fl\'{a}vio Couto and Ana C.R. Paiva and Hugo Sereno Ferreira},
  title     = {{A Brief Overview of Existing Tools for Testing the Internet-of-Things}},
  booktitle = {2018 IEEE International Conference on Software Testing, Verification and Validation Workshops (ICSTW)},
  year      = {2018},
  month     = {April},
  pages     = {104--109},
}

@inproceedings{cxl-sevd-13,
  author    = {Kai Cong and Fei Xie and Li Lei},
  title     = {{Symbolic Execution of Virtual Devices}},
  year      = {2013},
  month     = {July},
  location  = {Najing, China},
  publisher = {IEEE Computer Society},
  address   = {USA},
  booktitle = {Proc. 13th Intern. Conference on Quality Software},
  pages     = {1--10},
  numpages  = {10},
  series    = {QSIC '13},
}

@inproceedings{slawk-kdiib-10,
  author    = {Raimondas Sasnauskas and Olaf Landsiedel and Muhammad Hamad Alizai and Carsten Weise and Stefan Kowalewski and Klaus Wehrle},
  title     = {{KleeNet: Discovering Insidious Interaction Bugs in Wireless Sensor Networks before Deployment}},
  year      = {2010},
  month     = {April},
  publisher = {ACM},
  address   = {New York, NY, USA},
  booktitle = {Proc. 9th ACM/IEEE Intern. Conf. on Information Processing in Sensor Networks},
  pages     = {186--196},
  numpages  = {11},
  location  = {Stockholm, Sweden},
  series    = {IPSN '10},
}

@inproceedings{cgkps-sestp-11,
  author    = {Cristian Cadar and Patrice Godefroid and Sarfraz Khurshid and Corina S. P\u{a}s\u{a}reanu and Koushik Sen and Nikolai Tillmann and Willem Visser},
  title     = {{Symbolic Execution for Software Testing in Practice: Preliminary Assessment}},
  year      = {2011},
  month     = {May},
  publisher = {ACM},
  address   = {New York, NY, USA},
  booktitle = {Proceedings of the 33rd International Conference on Software Engineering},
  pages     = {1066–1071},
  numpages  = {6},
  location  = {Waikiki, Honolulu, HI, USA},
  series    = {ICSE '11},
}

@inproceedings{cde-kuagh-08,
  author    = {Cristian Cadar and Daniel Dunbar and Dawson Engler},
  title     = {{KLEE: Unassisted and Automatic Generation of High-Coverage Tests for Complex Systems Programs}},
  year      = {2008},
  month     = {December},
  publisher = {USENIX Association},
  address   = {USA},
  booktitle = {Proceedings of the 8th USENIX Conference on Operating Systems Design and Implementation},
  pages     = {209–224},
  numpages  = {16},
  location  = {San Diego, California},
  series    = {OSDI'08},
}

@INPROCEEDINGS{odefv-csnwc,
  author    = {Fredrik Osterlind and Adam Dunkels and Joakim Eriksson and Niclas Finne and Thiemo Voigt},
  title     = {{Cross-Level Sensor Network Simulation with COOJA}},
  booktitle = {31st IEEE Conference on Local Computer Networks},
  series    = {LCN'06},
  pages     = {641--648},
  year      = 2006,
  month     = nov,
  publisher = {IEEE Computer Society}
}

@inproceedings{wpbt-irwsn-07,
  author    = {Matthias Woehrle and Christian Plessl and Jan Beutel and Lothar Thiele},
  title     = {{Increasing the Reliability of Wireless Sensor Networks with a Distributed Testing Framework}},
  booktitle = {4th WS on Embedded Networked Sensors},
  series    = {EmNets'07},
  pages     = {93--97},
  year      = 2007,
  publisher = {ACM}
}

@article{k-ma-11,
  author    = {David Kushner},
  title     = {{The Making of Arduino}},
  journal   = {IEEE Spectrum},
  year      = 2011,
  month     = oct,
  howpublished = {\url{https://spectrum.ieee.org/geek-life/hands-on/the-making-of-arduino}, last accessed 01-01-2021}
}

@book{g-adscm-14,
  author    = {Jeff Geerling},
  title     = {{Ansible for DevOps -- Server and Configuration Management for Humans}},
  year      = 2014,
  publisher = {Jeff Geerling}
}

@book{s-jdg-11,
  author    = {John Ferguson Smart},
  title     = {{Jenkins: The Definitive Guide}},
  year      = 2011,
  publisher = {O'Reilly Media, Inc.},
}

@INPROCEEDINGS{gb-ctcit-19,
  author = {Anna Katrina Gomez and Simi Bajaj},
  title = {{Challenges of Testing Complex Internet of Things (IoT) Devices and Systems}},
  booktitle = {Proc. of 11th Intern. Conf. on Knowledge and Systems Engineering (KSE)},
  publisher = {IEEE},
  address   = {Piscataway, NJ, USA},
  month = oct,
  year = {2019},
}

@inproceedings{gg-ssim-19,
  author={I. {Georgiev} and I. {Georgiev}},
  title={{Simulation-Based Self-Testing in IoT-Enabled Manufacturing}},
  booktitle={Proc. of International Conference on Information Technologies (InfoTech)},
  publisher = {IEEE},
  address   = {Piscataway, NJ, USA},
  month=sep,
  year={2019},
}

@inproceedings{lcfoa-ctrvi-19,
  author    = {Maurizio Leotta and Diego Clerissi and Luca Franceschini and Dario Olianas and Davide Ancona and Filippo Ricca and Marina Ribaudo},
  title     = {{Comparing Testing and Runtime Verification of IoT Systems: A Preliminary Evaluation based on a Case Study}},
  booktitle = {Proc. of the 14th International Conference on Evaluation of Novel Approaches to Software Engineering (ENASE)},
  pages     = {434--441},
  publisher = {SciTePress},
  year      = {2019},
}

@article{mkmay-itda-19,
  author = "Babur Hayat Malik and Myda Khalid and Maliha Maryam and M. Nauman Ali and Sheraz Yousaf and Mudassar Mehmood and Hammad Saleem and Viktoria Stray",
  title = {{IoT Testing-as-a-Service: A New Dimension of Automation}},
  journal = "International Journal of Advanced Computer Science and Applications",
  volume = "10",
  number = "5",
  pages = "364--371",
  year = "2019",
}

@inproceedings{gsj-omciu-19,
  author = "Joao Giao and Joao Sarraipa and Ricardo Jardim-Gon{\c{c}}alves",
  editor = "Luis M. Camarinha-Matos and Ricardo Almeida and Jos{\'e} Oliveira",
  title = {{Open Modular Components in the Industry Using vf-OS Components}},
  booktitle = "Technological Innovation for Industry and Service Systems",
  pages = "238--246",
  series = {IFIP AICT},
  volume = {553},
  publisher = "Springer International Publishing",
  address = "Cham",
  year = "2019",
}

@article{abfc-aqits-19,
  author = {Bestoun S. Ahmed and Miroslav Bures and Karel Frajtak and Tomas Cerny},
  title = {{Aspects of Quality in Internet of Things (IoT) Solutions: A Systematic Mapping Study}},
  journal = {IEEE Access},
  volume = {7},
  pages = {13758--13780},
  year = {2019},
  month = jan,
}

@article{kahbl-itpit-18,
  author={Hiun Kim and Abbas Ahmad and Jaeyoung Hwang and Hamza Baqa and Franck Le Gall and Miguel Angel Reina Ortega and JaeSeung Song},
  title={{IoT-TaaS: Towards a Prospective IoT Testing Framework}},
  journal={IEEE Access},
  year={2018},
  volume={6},
  pages={15480--15493},
  month=apr,
}

@InProceedings{bga-itccq-18,
  author = "Miroslav Bures and Tomas Cerny and Bestoun S. Ahmed",
  title = {{Internet of Things: Current Challenges in the Quality Assurance and Testing Methods}},
  booktitle = "Proc. of International Conference on Information Science and Applications",
  editor = "Kim, Kuinam J.  and Baek, Nakhoon",
  pages = "625--634",
  series = {LNEE},
  volume = {514},
  publisher = "Springer Singapore",
  address = "Singapore",
  year = "2019",
}

@article{lcora-atait-18,
   author = {Maurizio Leotta and Diego Clerissi and Dario Olianas and Filippo Ricca and Davide Ancona and Giorgio Delzanno and Luca Franceschini and Marina Ribaudo},
   title = {{An acceptance testing approach for Internet of Things systems}},
   journal = {IET Software},
   number = {5},
   volume = {12},
   year = {2018},
   month = oct,
   pages = {430--436},
}

@InProceedings{lafor-trvit-18,
  author = "Maurizio Leotta and Davide Ancona and Luca Franceschini and Dario Olianas and Marina Ribaudo and Filippo Ricca",
  editor = "Pautasso, Cesare and S{\'a}nchez-Figueroa, Fernando and Syst{\"a}, Kari and Murillo Rodr{\'i}guez, Juan Manuel",
  title = {{Towards a Runtime Verification Approach for Internet of Things Systems}},
  booktitle = "Proc. of International Conference on Web Engineering (ICWE). Workshops",
  pages = "83--96",
  series = {LNCS},
  volume = {11153},
  publisher = "Springer International Publishing",
  address = "Cham",
  year = "2018",
}

@article{lzgmw-tsrwp-18,
  author = "Weiwei Lin and Hongwei Zeng and Honghao Gao and Huaikou Miao and Xiaolin Wang",
  title = {{Test Sequence Reduction of Wireless Protocol Conformance Testing to Internet of Things}},
  journal = "Security and Communication Networks",
  volume = "2018",
  pages = "1--13",
  year = "2018",
}

@article{mlscp-shafsr-18,
  author = "Kyeong T. Min and Philip Lundrigan and Katherine Sward and Scott C. Collingwood and Neal Patwari",
  title = {{Smart home air filtering system: A randomized controlled trial for performance evaluation}},
  journal = "Smart Health",
  volume = "9--10",
  pages = "62--75",
  month = dec,
  year = "2018",
}

@inproceedings{plf-ipitf-18,
  author = {Pedro Martins Pontes and Bruno Lima and Jo{\~a}o Pascoal Faria},
  title = {{Izinto: A Pattern-Based IoT Testing Framework}},
  booktitle = {Companion Proceedings for the ISSTA/ECOOP 2018 Workshops},
  pages = {125--131},
  year = {2018},
  publisher = {ACM},
  address = {New York, NY, USA},
}

@INPROCEEDINGS{mbqa-stti-18,
  author = {Ghadeer Murad and Aalaa Badarneh and Abdallah Quscf and Fadi Almasalha},
  title = {{Software Testing Techniques in IoT}},
  booktitle = {Proc. of 8th Intern. Conf. on Computer Science and Information Technology (CSIT)},
  pages = {17--21},
  publisher = {IEEE},
  address   = {NJ, USA},
  month = jul,
  year = {2018},
}

@article{t-seclm-18,
  author = "Pedro Taveras",
  title = {{A Systematic Exploration on Challenges and Limitations in Middleware Programming for IoT Technology}},
  journal = "International Journal of Hyperconnectivity and the Internet of Things",
  volume = "2",
  number = "2",
  month = dec,
  year = "2018",
}

@inproceedings{tc-stlit-19,
  author = {Teik-Boon Tan and Wai-Khuen Cheng},
  title = {{Software Testing Levels in Internet of Things (IoT) Architecture}},
  booktitle = {Proc. of International Computer Symposium (ICS 2018). New Trends in Computer Technologies and Applications},
  pages = "385--390",
  series = {CCIS},
  volume = {1013},
  publisher = "Springer Nature Singapore",
  address = "Singapore",
  year = "2019",
}

@inproceedings{cllt-iidct-18,
  author = {Woei-Kae Chen and Chien-Hung Liu and William W.-Y. Liang and Ming-Yi Tsai},
  title = {{ICAT: An IoT Device Compatibility Testing Tool}},
  booktitle = {Proc. of 25th Asia-Pacific Software Engineering Conference (APSEC)},
  pages = {668--672},
  publisher = {IEEE},
  address   = {NJ, USA},
  month = dec,
  year={2018},
}

@techreport{s-aslst-18,
   author = {Per Erik Strandberg},
   title = {{Automated System Level Software Testing of Networked Embedded Systems}},
   institution = {M{\"a}lardalen University Press, Embedded Systems},
   type = {Licentiate Theses},
   ISSN = {1651-9256},
   number = {275},
   year = {2018}
}

@inproceedings {cr-lompt-16,
  author = {Tom Chothia and Joeri de Ruiter},
  title = {{Learning From Others{\textquoteright} Mistakes: Penetration Testing IoT Devices in the Classroom}},
  booktitle = {2016 {USENIX} Workshop on Advances in Security Education ({ASE} 16)},
  publisher = {{USENIX} Association},
  address = {Austin, TX},
  month = aug,
  year = {2016},
}

@inproceedings {cmt-saiss-18,
  author = {Z. Berkay Celik and Patrick McDaniel and Gang Tan},
  title = {{Soteria: Automated IoT Safety and Security Analysis}},
  booktitle = {Proc. of USENIX Annual Technical Conference (ATC)},
  pages = {147--158},
  publisher = {{USENIX} Association},
  address = {Boston, MA},
  month = jul,
  year = {2018},
}

@inproceedings {zdysz-fhgfi-19,
  author = {Yaowen Zheng and Ali Davanian and Heng Yin and Chengyu Song and Hongsong Zhu and Limin Sun},
  title = {{FIRM-AFL: High-Throughput Greybox Fuzzing of IoT Firmware via Augmented Process Emulation}},
  booktitle = {Proc. of 28th USENIX Security Symposium},
  address = {Santa Clara, CA},
  pages = {1099--1114},
  publisher = {{USENIX} Association},
  month = aug,
  year = {2019},
}

@inproceedings{lg-cwlri-18,
  author = {Haoyang Lu  and Wei Gao},
  title = {{Continuous Wireless Link Rates for Internet of Things}},
  year = {2018},
  publisher = {IEEE Press},
  booktitle = {Proceedings of the 17th ACM/IEEE International Conference on Information Processing in Sensor Networks},
  pages = {48–59},
  numpages = {12},
  month = 4,
  location = {Porto, Portugal},
  series = {IPSN '18}
}

@inproceedings{lhacr-stfss-18,
  author = {Anh Luong and Peter Hillyard and Alemayehu Solomon Abrar and Charissa Che and Anthony Rowe and Thomas Schmid and Neal Patwari},
  title = {{A Stitch in Time and Frequency Synchronization Saves Bandwidth}},
  year = {2018},
  publisher = {IEEE Press},
  booktitle = {Proceedings of the 17th ACM/IEEE International Conference on Information Processing in Sensor Networks},
  pages = {96–107},
  numpages = {12},
  month = 4,
  location = {Porto, Portugal},
  series = {IPSN '18}
}

@inproceedings{acgjp-spcss-17,
  author = {Joshua Adkins and Bradford Campbell and Branden Ghena and Neal Jackson and Pat Pannuto and Samuel Rohrer and Prabal Dutta},
  title = {{The Signpost Platform for City-Scale Sensing}},
  year = {2017},
  publisher = {Association for Computing Machinery},
  address = {New York, NY, USA},
  booktitle = {Proceedings of the 15th ACM Conference on Embedded Network Sensor Systems},
  articleno = {47},
  numpages = {1},
  month = 11,
  location = {Delft, Netherlands},
  series = {SenSys '17}
}

@inproceedings{msl-csip-20,
  author={Amjad Yousef Majid and Patrick Schilder and Koen Langendoen},
  booktitle={2020 19th ACM/IEEE International Conference on Information Processing in Sensor Networks (IPSN)},
  title={{Continuous Sensing on Intermittent Power}},
  year={2020},
  volume={},
  number={},
  month = 4,
  pages={181-192},
}

@inproceedings{ycbsd-gehls-12,
  author = {Lohit Yerva and Brad Campbell and Apoorva Bansal and Thomas Schmid and Prabal Dutta},
  title = {{Grafting Energy-Harvesting Leaves onto the Sensornet Tree}},
  year = {2012},
  publisher = {Association for Computing Machinery},
  address = {New York, NY, USA},
  booktitle = {Proceedings of the 11th International Conference on Information Processing in Sensor Networks},
  pages = {197–208},
  numpages = {12},
  location = {Beijing, China},
  series = {IPSN '12}
}

@ARTICLE{mgzn-eeltc-07,
  author={Jian Ma and Min Gao and Qian Zhang and Lionel M. Ni},
  journal={IEEE Transactions on Parallel and Distributed Systems},
  title={{Energy-Efficient Localized Topology Control Algorithms in IEEE 802.15.4-Based Sensor Networks}},
  year={2007},
  volume={18},
  month={4},
  number={5},
  pages={711-720},
}

@ARTICLE{pmktb-ulpwr-17,
  author={Rajeev Piyare and Amy L. Murphy and Csaba Kiraly and Pietro Tosato and Davide Brunelli},
  journal={IEEE Communications Surveys Tutorials},
  title={{Ultra Low Power Wake-Up Radios: A Hardware and Networking Survey}},
  year={2017},
  month={7},
  volume={19},
  number={4},
  pages={2117-2157},
}

@inproceedings{rgkg-prndp-18,
author = {Mohammad Rostami and Jeremy Gummeson and Ali Kiaghadi and Deepak Ganesan},
title = {{Polymorphic Radios: A New Design Paradigm for Ultra-Low Power Communication}},
year = {2018},
publisher = {Association for Computing Machinery},
address = {New York, NY, USA},
booktitle = {Proceedings of the 2018 Conference of the ACM Special Interest Group on Data Communication},
pages = {446–460},
numpages = {15},
location = {Budapest, Hungary},
series = {SIGCOMM '18},
}

@inproceedings{jxcmf-dtcsv-16,
  author = {Meng Jin and Tianzhang Xing and Xiaojiang Chen and Xin Meng and Dingyi Fang and Yuan He},
  title = {{DualSync: Taming Clock Skew Variation for Synchronization in Low-Power Wireless Networks}},
  year = {2016},
  month = {4},
  publisher = {IEEE Press},
  booktitle = {IEEE INFOCOM 2016 - The 35th Annual IEEE International Conference on Computer Communications},
  pages = {1–9},
  numpages = {9},
  location = {San Francisco, CA, USA},
}

@inproceedings{kszsk-ntpsc-20,
author = {Giannis Kazdaridis and Nikos Sidiropoulos and Ioannis Zografopoulos and Polychronis Symeonidis and Thanasis Korakis },
title = {{Nano-Things: Pushing Sleep Current Consumption to the Limits in IoT Platforms}},
year = {2020},
month = {10},
publisher = {Association for Computing Machinery},
address = {New York, NY, USA},
booktitle = {Proceedings of the 10th International Conference on the Internet of Things},
articleno = {18},
numpages = {8},
location = {Malm\"{o}, Sweden},
series = {IoT '20},
}

@inproceedings{jp-resfr-20,
author = {Dhananjay Jagtap and Pat Pannuto},
title = {{Reliable Energy Sources as a Foundation for Reliable Intermittent Systems}},
year = {2020},
month = {11},
publisher = {Association for Computing Machinery},
address = {New York, NY, USA},
booktitle = {Proceedings of the 8th International Workshop on Energy Harvesting and Energy-Neutral Sensing Systems},
pages = {22–28},
numpages = {7},
location = {Virtual Event, Japan},
series = {ENSsys '20},
}

@inproceedings{lcggp-mcse-17,
author = {Amit Levy and Bradford Campbell and Branden Ghena and Daniel B. Giffin and Pat Pannuto and Prabal Dutta and Philip Levis},
title = {{Multiprogramming a 64kB Computer Safely and Efficiently}},
year = {2017},
month = {10},
publisher = {Association for Computing Machinery},
address = {New York, NY, USA},
booktitle = {Proceedings of the 26th Symposium on Operating Systems Principles},
pages = {234–251},
numpages = {18},
location = {Shanghai, China},
series = {SOSP '17},
}

@article{brsyh-rfdfh-21,
  author = {Abu Bakar and Alexander G. Ross and Kasim Sinan Yildirim and Josiah Hester},
  title = {{REHASH: A Flexible, Developer Focused, Heuristic Adaptation Platform for Intermittently Powered Computing}},
  year = {2021},
  issue_date = {Sept 2021},
  publisher = {Association for Computing Machinery},
  address = {New York, NY, USA},
  volume = {5},
  number = {3},
  journal = {Proc. ACM Interact. Mob. Wearable Ubiquitous Technol.},
  month = sep,
  articleno = {87},
  numpages = {42},
}

@article{zf-tlndc-21,
  author = {Dimitrios Zorbas and Xenofon Fafoutis},
  title = {{Time-Slotted LoRa Networks: Design Considerations, Implementations, and Perspectives}},
  journal = {IEEE Internet of Things Magazine},
  pages = {84 - 89},
  volume = {4},
  number = {1},
  month = 3,
  year = {2021},
}

@article{hkccs-diorc-20,
  author  = {Cristian, Hesselman and Merike, Kaeo and Lyman, Chapin and Kimberly, Claffy and Mark, Seiden and Danny, McPherson and Dave, Piscitello and Andrew, McConachie and Tim, April and Jacques, Latour and Rod, Rasmussen},
  title   = {{The DNS in IoT: Opportunities, Risks, and Challenges}},
  journal = {IEEE Internet Computing},
  year    = {2020},
  volume  = {24},
  number  = {4},
  pages   = {23--32},
}
