@article{khb-npdiw-02,
  author    = {Joanna Kulik and Wendi Heinzelman and Hari Balakrishnan},
  title     = {{Negotiation-Based Protocols for Disseminating Information in Wireless Sensor Networks}},
  journal   = {Wireless Networks},
  volume    = {8},
  year      = {2002},
  pages     = {169--185},
  publisher = {Springer},
  address   = {Cham, Switzerland}
}

@incollection{msbcs-srdva-14,
   year={2014},
   booktitle={{Monitoring and Securing Virtualized Networks and Services}},
   volume={8508},
   series={Lecture Notes in Computer Science},
   title={{A Study of RPL DODAG Version Attacks}},
   publisher={Springer Berlin Heidelberg},
   author={Mayzaud, Anth{}\'ea and Sehgal, Anuj and Badonnel, R{}\'emi and Chrisment, Isabelle and  Sch{\"o}nw{\"a}lder, J{\"u}rgen},
   pages={92-104},
}

@article{mbc-tarit-16,
   title  ={{A Taxonomy of Attacks in RPL-based Internet of Things}},
   author ={Mayzaud, Anth{\'e}a and Badonnel, R{\'e}mi and Chrisment, Isabelle},
   journal = {International Journal of Network Security},
   volume = {18},
   number = {3},
   pages = {459-473},
   month = {May},
   year = {2016},
}

@article{msbcs-mtiar-15,
   author = {Mayzaud, Anth{\'e}a and Sehgal, Anuj and Badonnel, R{\'e}mi and Chrisment, Isabelle and Sch{\"o}nw{\"a}lder, J{\"u}rgen},
   title = {{Mitigation of Topological Inconsistency Attacks in RPL-based Low-power Lossy Networks}},
   journal = {International Journal of Network Management},
   volume = {25},
   number = {5},
   pages = {320--339},
   year = {2015},
}

@techreport{o-6lwdem-14,
  title         = {{6LoWPAN demystified}},
  author        = {Jonas Olsson},
  institution   = {Texas Instruments},
  year          = {2014},
  month         = {Oct},
  location      = {Dallas, Texas, USA},
  url           = {http://www.ti.com/lit/wp/swry013/swry013.pdf}
}

@techreport{gbj-cdhde-08,
	title = {Concept and Design of the Hybrid Distributed Embedded Systems Testbed},
	number = {TR-B-08-10},
	year = {2008},
	institution = {Freie Universit{\"a}t Berlin},
	author = {Mesut G{\"u}nes and Bastian Blywis and Felix Juraschek}
}

@techreport{qvl-mretf-00,
    title = {{Multipoint Relaying: An Efficient Technique for Flooding in Mobile Wireless Networks}},
    author = {Qayyum, Amir and Viennot, Laurent and Laouiti, Anis},
    institution = {INRIA},
    number = {RR-3898},
    year = {2000},
    howpublished = {http://hal.inria.fr/inria-00072756/PDF/RR-3898.pdf},
}

@INPROCEEDINGS{wtza-rbram-10,
author={Di Wang and Zhifeng Tao and Jinyun Zhang and Abouzeid, A.A.},
booktitle={In Proc. of IEEE Communications Workshops (ICC)},
title={{RPL Based Routing for Advanced Metering Infrastructure in Smart Grid}},
year={2010},
month = {May},
location = {Cape Town, South Africa},
pages={1-6},
}

@INPROCEEDINGS{to-pvrri-13,
author={Tripathi, J. and de Oliveira, J.C.},
booktitle={in Proc. of 47th IEEE Information Sciences and Systems (CISS)},
title={{Proactive versus reactive revisited: IPv6 routing for Low Power Lossy Networks}},
year={2013},
month = {March},
pages={1-6},
}

@inproceedings{hc-cpsrp-11,
 author = {Herberg, Ulrich and Clausen, Thomas},
 title = {{A Comparative Performance Study of the Routing Protocols LOAD and RPL with Bi-Directional Traffic in Low-power and Lossy Networks (LLN)}},
 booktitle = {Proceedings of the 8th ACM WASUN},
 year = {2011},
 location = {Miami, Florida, USA},
 pages = {73--80},
 numpages = {8},
 publisher = {ACM},
 address = {New York, NY, USA},
} 

@inproceedings{vtd-pcrlr-13,
  author = {Mali\v{a} Vu\v{c}ini$\acute{\textrm{c}}$ and Bernard Tourancheau and Andrzej Duda},
  title = {{Performance Comparison of the RPL and LOADng Routing Protocols in a Home Automation Scenario}},
  booktitle = {IEEE WCNC},
  year = {2013},
month = {April},
address = {Shanghai, China},
}

@techreport{h-caorp-04,
    author = {Aleksandr Huhtonen},
    title = {{Comparing AODV and OLSR Routing Protocols}},
    school = {Helsinki University of Technology},
    month = {April},
    year = {2004},
}

@article{sau-srpsg-12,
title = {{A Survey of Routing Protocols for Smart Grid Communications}},
journal = {Elsevier Computer Networks},
volume = {56},
number = {11},
pages = {2742--2771},
year = {2012},
author = {Nico Saputro and Kemal Akkaya and Suleyman Uludag},
}

@ARTICLE{ak-rtwsn-04,
 author={Al-Karaki, J.N. and Kamal, A.E.},
 title={{Routing Techniques in Wireless Sensor Networks: A Survey}},
 journal={IEEE Wireless Communications},
 year={2004},
 volume={11},
 number={6},
 pages={6--28},
}

@book{sb-6wei-09,
 author = {Shelby, Zach and Bormann, Carsten},
 title = {6LoWPAN: The Wireless Embedded Internet},
 year = {2009},
 publisher = {Wiley Publishing},
 edition   = {1st},
} 

@INPROCEEDINGS{tov-asrlr-10,
author={Tripathi, J. and de Oliveira, J.C. and Vasseur, J.P.},
booktitle={First IEEE International Conference on Smart Grid Communications (SmartGridComm)}, 
title={{Applicability Study of RPL with Local Repair in Smart Grid Substation Networks}},
year={2010},
month= {Oct.},
pages={262--267},
}

@article{gk-rns-12,
author = {Olfa Gaddour and Anis Koub\^aa},
title = {{RPL in a nutshell: A survey}},
journal = "Elsevier Computer Networks",
volume = "56",
number = "14",
pages = "3163--3178",
year = "2012",
month = sep,
}

@INPROCEEDINGS{chp-ceirp-11,
  author = {Clausen, T. and Herberg, U. and Philipp, M.},
  title = {{A critical evaluation of the IPv6 Routing Protocol for Low Power and Lossy Networks (RPL)}},
  booktitle={Proc. of the 7th IEEE International Conference on Wireless and Mobile Computing, Networking and Communications (WiMob)},
  pages = {365--372},
  month=oct, 
  year = {2011},
}

@inproceedings{ch-apcs-10,
  author    = {Aaron Carroll and Gernot Heiser},
  title     = {{An Analysis of Power Consumption in a Smartphone}},
  booktitle = {Proc. of the USENIX Annual Technical Conference (ATC'11)},
  year      = {2010},
  pages     = {271--284},
  publisher = {USENIX Assocication},
  address   = {Berkeley, CA, USA},
}

@inproceedings{mr-arhwe-11,
 author     = {Justin Manweiler and Romit Roy Choudhury},
 title      = {{Avoiding the Rush Hours: WiFi Energy Management via
                Traffic Isolation}},
 booktitle  = {Proc. of the 9th MobiSys},
 year       = {2011},
 pages      = {253--266},
 publisher  = {ACM},
 address    = {New York, NY, USA},
}

@techreport{kjb-nr-03,
  author    = {S. Kim and J. Jeong and A. Broad},
  title     = {{Network Reprogramming}},
  year      = {2003},
  institution = {University of California at Berkeley}
}

@inproceedings{dws-tdedw-08,
  author    = {Norman Dziengel and Georg Wittenburg and Jochen Schiller},
  title     = {{Towards Distributed Event Detection in Wireless Sensor Networks}},
  booktitle = {Adjunct Proc. of the 4th IEEE/ACM Int. Conf. on Distributed Computing in Sensor Systems (DCOSS'08)},
  year      = {2008},
  month     = {June},
  location  = {Santorini Island, Greece},
}

@inproceedings{hds-ebdfw-09,
  author    = {Frederik Hermans and Norman Dziengel and Jochen Schiller},
  title     = {{Quality Estimation based Data Fusion in Wireless Sensor Networks}},
  booktitle = {Proc. of the 6th IEEE Int. Conf. on Mobile Ad Hoc and Sensor Systems (MASS'09)},
  year      = {2009},
  month     = {Oct.},
  address   = {Macau SAR, P.R.C},
}

@inproceedings{sbhj-crspf-03,
  author    = {Naouel Ben Salem and Levente Butty\'{a}n and Jean-Pierre Hubaux and Markus Jakobsson},
  title     = {{A Charging and Rewarding Scheme for Packet Forwarding in Multi-hop Cellular Networks}},
  booktitle = {Proc. of the 4th ACM Int. Symp. on Mobile Ad Hoc Networking and Computing (MobiHoc'03)},
  pages     = {13--24},
  year      = {2003},
  publisher = {ACM},
  address   = {New York, NY, USA},
}

@article{lpw-csahs-03,
  author    = {B. Lamparter and K. Paul and D. Westhoff},
  title     = {{Charging support for ad hoc stub networks}},
  journal   = {Computer Communications},
  volume    = {26},
  number    = {13},
  pages     = {1504--1514},
  year      = {2003},
}

@inproceedings{hc-dbddp-04,
  author    = {J.W. Hui and  D. Culler},
  title     = {{The dynamic behavior of a data dissemination protocol for network programming at scale}},
  booktitle = {Proc. of the 2nd Int. Conf. on Embedded Networked Sensor Systems (SenSys'04)},
  pages     = {81--94},
  year      = {2004},
  address   = {New York, NY, USA},
  publisher = {ACM},
}
