@misc{acmrep,
  Author = {{ACM}},
  Howpublished = {\url{http://acm.org/publications/policies/artifact-review-badging}},
  Title = {{Result and Artifact Review and Badging}},
  Year = {Jan., 2017}
}

