% This file was created with JabRef 2.10.
% Encoding: UTF-8


@Misc{ksmmd-cdlfr-18,
  Title                    = {Comparing Deep Learning Frameworks: A Rosetta Stone Approach},

  Author                   = {Karmanov, Ilia and Salvaris, Mathew and Fierro, Miguel and Dean, Danielle},
  HowPublished             = {\url{https://www.kdnuggets.com/2018/03/deep-learning-frameworks.html}},
  Month                    = {March},
  Note                     = {Retrieved 2019-05-15},
  Year                     = {2018},

  Owner                    = {sebastian},
  Timestamp                = {2019.05.15}
}

@InProceedings{knjl-pacfg-2017,
  Title                    = {Performance analysis of CNN frameworks for GPUs},
  Author                   = {Kim, Heehoon and Nam, Hyoungwook and Jung, Wookeun and Lee, Jaejin},
  Booktitle                = {2017 IEEE International Symposium on Performance Analysis of Systems and Software (ISPASS)},
  Year                     = {2017},
  Month                    = {April},
  Pages                    = {55-64},

  Doi                      = {10.1109/ISPASS.2017.7975270},
  Keywords                 = {graphics processing units;neural nets;performance evaluation;performance analysis;CNN frameworks;deep learning frameworks;convolutional neural networks;visual recognition;GPU performance characteristics;Caffe;CNTK;TensorFlow;Theano;Torch;convolution algorithms;multiGPU context;AlexNet model;Convolution;Machine learning;Graphics processing units;Feature extraction;Kernel;Training;Libraries},
  Url                      = {https://ieeexplore.ieee.org/document/7975270}
}

@TechReport{k-lmlft-09,
  Title                    = {Learning Multiple Layers of Features from Tiny Images},
  Author                   = {Krizhevsky, Alex},
  Institution              = {University of Toronto},
  Year                     = {2009},
  Month                    = {April},

  Owner                    = {sebastian},
  Timestamp                = {2019.05.15},
  Url                      = {http://www.cs.toronto.edu/~kriz/learning-features-2009-TR.pdf}
}

@Article{pvgmt-smlp-2011,
  Title                    = {Scikit-learn: Machine Learning in {P}ython},
  Author                   = {Pedregosa, F. and Varoquaux, G. and Gramfort, A. and Michel, V.
 and Thirion, B. and Grisel, O. and Blondel, M. and Prettenhofer, P.
 and Weiss, R. and Dubourg, V. and Vanderplas, J. and Passos, A. and
 Cournapeau, D. and Brucher, M. and Perrot, M. and Duchesnay, E.},
  Journal                  = {Journal of Machine Learning Research},
  Year                     = {2011},

  Month                    = {October},
  Pages                    = {2825--2830},
  Volume                   = {12}
}

@InProceedings{splp-edlfd-2017,
  Title                    = {Evaluation of Deep Learning Frameworks Over Different HPC Architectures},
  Author                   = {Shams, Shayan and Platania, Richard and Lee, Kisung and Park, Seung-Jong},
  Booktitle                = {2017 IEEE 37th International Conference on Distributed Computing Systems (ICDCS)},
  Year                     = {2017},
  Month                    = {June},
  Pages                    = {1389-1396},

  Doi                      = {10.1109/ICDCS.2017.259},
  ISSN                     = {1063-6927},
  Keywords                 = {computational complexity;graphics processing units;learning (artificial intelligence);microprocessor chips;parallel processing;deep learning frameworks;HPC architectures;deep neural networks;shown applicability;computational complexity;neural network training;Caffe framework;TensorFlow framework;Apache SINGA;CPU technologies;GPU technologies;NVIDIA;NVLink;Knights Landing;Intel product;performance analysis;Machine learning;Hardware;Graphics processing units;Training;Tools;Benchmark testing;deep learning;HPC;distributed computing;GPU},
  Url                      = {https://ieeexplore.ieee.org/document/7980078}
}

@InProceedings{swxc-bsadl-16,
  Title                    = {Benchmarking State-of-the-Art Deep Learning Software Tools},
  Author                   = {Shi,Shaohuai and Wang, Qiang and Xu, Pengfei and Chu, Xiaowen},
  Booktitle                = {2016 7th International Conference on Cloud Computing and Big Data (CCBD)},
  Year                     = {2016},
  Month                    = {November},
  Pages                    = {99-104},

  Doi                      = {10.1109/CCBD.2016.029},
  Keywords                 = {benchmark testing;feedforward neural nets;graphics processing units;learning (artificial intelligence);microprocessor chips;performance evaluation;recurrent neural nets;software tools;open-source deep learning software tool benchmarking;machine learning method;deep network training;hardware platforms;GPU-accelerated deep learning software tools;Caffe;CNTK;TensorFlow;Torch;running time performance evaluation;CPU platform;Tools;Machine learning;Neural networks;Benchmark testing;Graphics processing units;Instruction sets;Training;Deep Learning;GPU;Feed-forward Neural Networks;Convolutional Neural Networks;Recurrent Neural Networks},
  Url                      = {https://ieeexplore.ieee.org/abstract/document/7979887}
}

@Misc{s-kstm-17,
  Title                    = {Keras shoot-out: TensorFlow vs MXNet},

  Author                   = {Simon, Julien},
  HowPublished             = {\url{https://medium.com/@julsimon/keras-shoot-out-tensorflow-vs-mxnet-51ae2b30a9c0}},
  Month                    = {September},
  Note                     = {Retrieved 2019-05-15},
  Year                     = {2017},

  Owner                    = {sebastian},
  Timestamp                = {2019.05.15}
}

@article{clllw-mfeml-15,
  author={Tianqi Chen and Mu Li and Yutian Li and Min Lin and Naiyan Wang and Minjie Wang and Tianjun Xiao and Bing Xu and Chiyuan Zhang and Zheng Zhang},
  title={{MXNet: A Flexible and Efficient Machine Learning Library for Heterogeneous Distributed Systems}},
  year= {2015},
  month = {12},
  pages = {},
  url= {http://arxiv.org/abs/1512.01274},
}
