%% CONTENT: publications on Future/Next Generation Internet and related topics
%%
%% STRUCTURE:
%% 1) Survey, analysis, overview ...
%% 2) architectures
%% 3) routing
%% 4) services, applications
%% 5) middleware
%% 6) virtualization
%% 7) else, or category unclear


@inproceedings{syzz-pccsn-16,
  author    = {Klaus Schneider and Cheng Yi and Beichuan Zhang and Lixia Zhang},
  title     = {{A Practical Congestion Control Scheme for Named Data Networking}},
  booktitle = {Proceedings of the 3rd ACM Conference on Information-Centric Networking},
  pages     = {21--30},
  year      = {2016},
  publisher = {ACM},
  address   = {New York, NY, USA},
}

@inproceedings{cmprz-liicl-16,
  author    = {Giovanna Carofiglio and Luca Muscariello and Michele Papalini and Natalya Rozhnova and Xuan Zeng},
  title     = {{Leveraging ICN In-Network Control for Loss Detection and Recovery in Wireless Mobile Networks}},
  booktitle = {Proceedings of the 3rd ACM Conference on Information-Centric Networking},
  pages     = {50--59},
  year      = {2016},
  publisher = {ACM},
  address   = {New York, NY, USA},
}

@inproceedings{bgnt-ssndn-14,
  author    = {Jeff Burke and Paolo Gasti and Naveen Nathan and Gene Tsudik},
  title     = {{Secure Sensing over Named Data Networking}},
  booktitle = {13th International Symposium on Network Computing and Applications (NCA'14)},
  pages     = {175--180},
  year      = {2014},
  publisher = {IEEE Computer Society},
  address   = {Washington, DC, USA},
}

@inproceedings{lkz-sdtnc-20,
  author    = {Tianxiang Li and Zhaoning Kong and Lixia Zhang},
  title     = {{Supporting Delay Tolerant Networking: A Comparative Study of Epidemic Routing and NDN}},
  booktitle = {International Conference on Communications Workshops (ICC'20 Workshop)},
  numpages  = {6},
  year      = {2020},
  publisher = {IEEE Press},
  address   = {Piscataway, NJ, USA},
}

@inproceedings{ccgt-nnnna-15,
  author    = {Alberto Compagno and Mauro Conti and Cesar Ghali and Gene Tsudik},
  title     = {{To NACK or Not to NACK? Negative Acknowledgments in Information-Centric Networking}},
  booktitle = {24th International Conference on Computer Communication and Networks (ICCCN'15)},
  year      = {2015},
  numpages  = {10},
  publisher = {IEEE Press},
  address   = {Piscataway, NJ, USA},
}

@inproceedings{dlhc-bilsp-21,
  author    = {Anthony Dowling and Yaoqing Liu and Lauren Huie and Kang Chen},
  title     = {{Building an Information-Centric and LoRa-Based Sensing Platform for IoT}},
  booktitle = {Proc. of IEEE Conf. on Computer Communications Workshops (INFOCOM WKSHPS)},
  year      = {2021},
  pages     = {1--6},
  publisher = {IEEE Press},
  address   = {Piscataway, NJ, USA},
}

@article{dhnzl-tlaci-21,
  author  = {Anthony Dowling and Lauren Huie and Laurent Njilla and Hong Zhao and Yaoqing Liu},
  title   = {{Toward long-range adaptive communication via information centric networking}},
  journal = {Intelligent and Converged Networks},
  pages   = {1--15},
  volume  = {2},
  number  = {1},
  year    = {2021},
}


@inproceedings{lndd-endna-20,
  author    = {Yaoqing Liu and Laurent Njilla and Anthony Dowling and Wan Du},
  title     = {Empowering Named Data Networks for Ad-Hoc Long-Range Communication},
  booktitle = {Wireless and Optical Communications Conference (WOCC'20)},
  pages     = {1--6},
  year      = {2020},
  publisher = {IEEE},
  address = {Piscataway, NJ, USA},
}

@article{adbbm-rdndn-20,
  TITLE = {{A Realistic Deployment of Named Data Networking in the Internet of Things}},
  AUTHOR = {Abane, Amar and Daoui, Mehammed and Bouzefrane, Samia and Banerjee, Soumya and Muhlethaler, Paul},
  JOURNAL = {{Journal of Cyber Security and Mobility}},
  PUBLISHER = {{River Publishers}},
  VOLUME = {9},
  NUMBER = {1},
  YEAR = {2020},
  pages = {1--46},
}

@article{aarl-raini-19,
  author={Sobia Arshad and Muhammad Awais Azam and Mubashir Husain Rehmani and Jonathan Loo},
  title={{Recent Advances in Information-Centric Networking-Based Internet of Things (ICN-IoT)}},
  journal={IEEE Internet of Things Journal},
  volume={6},
  number={2},
  pages={2128--2158},
  year={2019},
}

@inproceedings{pvs-ealcc-19,
author = {Pfender, Jakob and Valera, Alvin and Seah, Winston K.G.},
title = {{Easy as ABC: A Lightweight Centrality-Based Caching Strategy for Information-Centric IoT}},
year = {2019},
publisher = {ACM},
address = {New York, NY, USA},
booktitle = {Proceedings of the 6th ACM Conference on Information-Centric Networking},
pages = {100--111},
location = {Macao, China},
series = {ICN '19}
}

@inproceedings{cmaps-eiipa-19,
 author = {Carofiglio, Giovanna and Muscariello, Luca and Aug{\'e}, Jordan and Papalini, Michele and Sardara, Mauro and Compagno, Alberto},
 title = {{Enabling ICN in the Internet Protocol: Analysis and Evaluation of the Hybrid-ICN Architecture}},
 booktitle = {Proceedings of the 6th ACM Conference on Information-Centric Networking},
 series = {ICN '19},
 year = {2019},
 location = {Macao, China},
 pages = {55--66},
 publisher = {ACM},
 address = {New York, NY, USA},
} 

@inproceedings{n-llbsn-19,
 author = {Nichols, Kathleen},
 title = {{Lessons Learned Building a Secure Network Measurement Framework Using Basic NDN}},
 booktitle = {Proceedings of the 6th ACM Conference on Information-Centric Networking},
 series = {ICN '19},
 year = {2019},
 location = {Macao, China},
 pages = {112--122},
 publisher = {ACM},
 address = {New York, NY, USA},
} 

@article{va-eicda-18,
  author    = {Dong Doan Van and Qingsong Ai},
  title     = {{An efficient in-network caching decision algorithm for Internet of things}},
  journal   = {International Journal of Communication Systems},
  volume    = {31},
  number    = {8},
  pages     = {e3521},
  year      = {2018},
  publisher = {Wiley Online Library},
}

@inproceedings{pvs-pccsi-18,
  author       = {Jakob Pfender and Alvin Valera and Winston K. G. Seah},
  title        = {{Performance Comparison of Caching Strategies for Information-Centric IoT}},
  booktitle    = {{Proc. of the 5th ACM Conference on Information-Centric Networking}},
  pages        = {43--53},
  numpages     = {11},
  series       = {ICN '18},
  year         = {2018},
  location     = {Boston, Massachusetts, USA},
  publisher    = {ACM},
  address      = {New York, NY, USA},
}

@inproceedings{zllzy-nfndn-18,
 author     = {Zhang, Zhiyi and Lu, Edward and Li, Yanbiao and Zhang, Lixia and Yu, Tianyuan and Pesavento, Davide and Shi, Junxiao and Benmohamed, Lotfi},
 title      = {{NDNoT: A Framework for Named Data Network of Things}},
 booktitle  = {Proceedings of the 5th ACM Conference on Information-Centric Networking},
 pages      = {200--201},
 publisher  = {ACM},
 address    = {New York, NY, USA},
 month      = {September},
 year       = {2018},
 numpages   = {2},
 location   = {Boston, Massachusetts, USA},
}

@article{nrsyq-dcscm-18,
  author    = {Sheneela Naz and Rao {Naveed Bin Rais} and Peer Azmat Shah and Sadaf Yasmin and Amir Qayyum and Seungmin Rho and Yunyoung Nam},
  title     = {{A dynamic caching strategy for CCN-based MANETs}},
  journal   = {Computer Networks},
  volume    = {142},
  pages     = {93--107},
  year      = {2018},
  publisher = {Elsevier},
}

@article{szwfc-tpbpc-16,
  author    = {Yong Sun and Tiankui Zhang and Ruoqi Wang and Weidong Feng and Pu Chen},
  title     = {{Topology Potential Based Probability Caching Strategy for Content Centric Ad Hoc Networks}},
  journal   = {Journal of Residuals Science \& Technology},
  number    = {6},
  volume    = {13},
  year      = {2016},
}

@inproceedings{ls-ttccn-11,
  author    = {Zhe Li and Gwendal Simon},
  title     = {{Time-Shifted TV in Content Centric Networks: The Case for Cooperative In-Network Caching}},
  booktitle = {2011 IEEE International Conference on Communications (ICC)},
  year      = {2011},
  pages     = {1--6},
  location  = {Kyoto, Japan},
  publisher = {IEEE},
  address   = {Piscataway, NJ, USA},
}

@inproceedings{lzm-nccsc-16,
  author    = {Yinlong Liu and Dali Zhu and Wei Ma},
  title     = {{A novel cooperative caching scheme for Content Centric Mobile Ad Hoc Networks}},
  booktitle = {2016 IEEE Symposium on Computers and Communication (ISCC)},
  year      = {2016},
  pages     = {824--829},
  location  = {Messina, Italy},
  publisher = {IEEE},
  address   = {Piscataway, NJ, USA},
}

@inproceedings{zh-csmah-11,
  author    = {Yuguang Zeng and Xiaoyan Hong},
  title     = {{A caching strategy in mobile ad hoc named data network}},
  booktitle = {2011 6th International ICST Conference on Communications and Networking in China (CHINACOM)},
  year      = {2011},
  pages     = {805--809},
  location  = {Harbin, China}},
  publisher = {IEEE},
  address   = {Piscataway, NJ, USA},
}

@article{aarl-inbcn-17,
  author      = {Sobia Arshad and Muhammad Awais Azam and Mubashir Husain Rehmani and Jonathan Loo},
  title       = {{Information-Centric Networking Based Caching and Naming Schemes for Internet of Things: A Survey and Future Research Directions}},
  journal     = {arXiv preprint arXiv:1710.03473},
  year        = {2017},
}

@inproceedings{clzym-bccsi-16,
  author    = {Bo Chen and Liang Liu and Zhao Zhang and Wenbo Yang and Huadong Ma},
  title     = {{BRR-CVR: A Collaborative Caching Strategy for Information-Centric Wireless Sensor Networks}},
  booktitle = {2016 12th International Conference on Mobile Ad-Hoc and Sensor Networks (MSN)},
  year      = {2016},
  volume    = {},
  number    = {},
  pages     = {31--38},
  location  = {Hefei, China},
  publisher = {IEEE},
  address   = {Piscataway, NJ, USA},
}

@inproceedings{chpp-clmin-13,
  author    = {Wei Koong Chai and Diliang He and Ioannis Psaras and George Pavlou},
  title     = {{Cache ``Less for More'' in Information-Centric Networks (Extended Version)}},
  journal   = {Computer Communications},
  booktitle = {Special Issue on Information-Centric Networking},
  year      = {2013},
  number    = {7},
  pages     = {758--770},
  volume    = {36},
  publisher = {Elsevier},
}

@inproceedings{zzs-lcsnd-15,
  author    = {Li Zhang and Jiayan Zhao and Zhenlian Shi},
  title     = {{LF: A Caching Strategy for Named Data Mobile Ad Hoc Networks}},
  booktitle = {Proc. of the 4th International Conference on Computer Engineering and Networks},
  pages     = {279--290},
  year      = {2015},
  publisher = {Springer},
  address   = {Cham, Switzerland}
}

@inproceedings{zzxzl-bbncc-15,
  author     = {Le Zhou and Tiankui Zhang and Xiaogeng Xu and Zhimin Zeng and Yinlong Liu},
  title      = {{Broadcasting based neighborhood cooperative caching for content centric ad hoc networks}},
  booktitle  = {2015 IEEE/CIC International Conference on Communications in China (ICCC)},
  year       = {2015},
  pages      = {1--5},
  location   = {Shenzhen, China},
  publisher  = {IEEE},
  address    = {Piscataway, NJ, USA},
}

@inproceedings{hamf-pcfin-15,
  author       = {Mohamed Ahmed Hail and Marica Amadeo and Antonella Molinaro and Stefan Fischer},
  booktitle    = {{Proceedings of the International Conference on Wired/Wireless Internet Communication (WWIC)}},
  title        = {{On the Performance of Caching and Forwarding in Information-Centric Networking for the IoT}},
  pages        = {313--326},
  year         = {2015},
  location     = {Malaga, Spain},
  publisher    = {Springer},
  address      = {Cham, Switzerland}
}

@inproceedings{hamf-cndnw-15,
  author      = {Mohamed Ahmed Hail and Marica Amadeo and Antonella Molinaro and Stefan Fischer},
  title       = {{Caching in Named Data Networking for the wireless Internet of Things}},
  booktitle   = {2015 International Conference on Recent Advances in Internet of Things (RIoT)},
  year        = {2015},
  volume      = {},
  number      = {},
  pages       = {1--6},
  location    = {Singapore},
  publisher   = {IEEE},
}

@article{zlz-scmin-15,
  author =        {Meng Zhang and Hongbin Luo and Hongke Zhang},
  title =         {A Survey of Caching Mechanisms in Information-Centric Networking},
  journal =       {IEEE Communications Surveys \& Tutorials},
  number =        {3},
  pages =         {1473--1499},
  volume =        {17},
  year =          {2015},
  publisher 	= {IEEE},
}

@article{dtmf-eccnd-15,
 author    = {Andrea Detti and Dimitri Tassetto and Nicola Blefari Melazzi and Francesco Fedi},
 title     = {{Exploiting content centric networking to develop topic-based, publish-subscribe MANET systems}},
 journal   = {Ad Hoc Networks},
 volume    = {24},
 pages     = {115--133},
 year      = {2015},
 issn      = {1570-8705},
 publisher = {Elsevier},
}

@article{vpg-pmicn-17,
 author = {Ventrella, Agnese V. and Piro, Giuseppe and Grieco, L. Alfredo},
 title = {{Publish-subscribe in Mobile Information Centric Networks}},
 journal = {Comput. Netw.},
 issue_date = {November 2017},
 volume = {127},
 number = {C},
 month = nov,
 year = {2017},
 pages = {317--339},
 publisher = {Elsevier North-Holland, Inc.},
} 



@techreport{an-nmb-13,
  author      = {Arjun Attam and Ilya Moiseenko},
  title       = {{NDNBlue: NDN over Bluetooth}},
  institution = {University of California at Berkeley},
  type        = {Technical Report},
  month       = {November},
  year        = {2013},
  howpublished= {\url{http://named-data.net/techreports.html}},
}

@article{smshz-5tost-17,
  author       = {Shafi, Mansoor and Molisch, Andreas F. and Smith, Peter J and Haustein, Thomas and Zhu, Peiying and De Silva, Prasan and Tufvesson, Fredrik and Benjebbour, Anass and Wunder, Gerhard},
  title        = {{5G : A Tutorial Overview of Standards, Trials, Challenges, Deployment, and Practice}},
  journal       = {IEEE Journal on Selected Areas in Communications},
  number       = {6},
  volume       = {35},
  pages        = {1201--1221},
  month        = {06},
  year         = {2017},
}

@INPROCEEDINGS{trrgf-ioibi-15,
  author={D. {Trossen} and M. J. {Reed} and J. {Riihij{\"a}rvi} and M. {Georgiades} and N. {Fotiou} and G. {Xylomenos}},
  booktitle={2015 European Conference on Networks and Communications (EuCNC)},
  title={{IP over ICN - The better IP?}},
  year={2015},
  pages={413--417},
  month={June},
  publisher = {IEEE Computer Society},
  address   = {Los Alamitos, CA, USA},
}

@inproceedings{tskj-ppccr-14,
  author      = {Saran Tarnoi and Kalika Suksomboon and Wuttipong Kumwilaisak and Yusheng Ji},
  title       = {{Performance of probabilistic caching and cache replacement policies for Content-Centric Networks}},
  booktitle   = {39th Annual IEEE Conference on Local Computer Networks},
  year        = {2014},
  volume      = {},
  number      = {},
  pages       = {99--106},
  location    = {Edmonton, AB, Canada},
  publisher   = {IEEE},
  address     = {Piscataway, NJ, USA},
}

@inproceedings{pcp-picin-12,
  author     = {Ioannis Psaras and Wei Koong Chai and George Pavlou},
  title      = {{Probabilistic In-Network Caching for Information-Centric Networks}},
  year       = {2012},
  publisher  = {ACM},
  address    = {New York, NY, USA},
  booktitle  = {Proc. of the 2nd edition of the ICN workshop on Information-centric networking},
  pages      = {55--60},
  numpages   = {6},
  location   = {Helsinki, Finland},
  series     = {ICN '12}
}

@inproceedings{tx-sdtti-11,
    author = {Tsilopoulos, Christos and Xylomenos, George},
    title = {{Supporting Diverse Traffic Types in Information Centric Networks}},
    booktitle = {Proceedings of the ACM SIGCOMM Workshop on Information-Centric Networking},
    series = {ICN '11},
    year = {2011},
    isbn = {978-1-4503-0801-4},
    location = {Toronto, Ontario, Canada},
    pages = {13--18},
    publisher = {ACM},
    address = {New York, NY, USA},
}

@inproceedings{nbvr-qsin-14,
    author={Al-Naday, Mays F. and Bontozoglou, Andreas and Vassilakis, Vassilios G. and Reed, Martin J.},
    title={{Quality of Service in an Information-Centric Network}},
    booktitle={Proceedings of Globecom 2014},
    year={2014},
    pages={1861-1866},
    issn={1930-529X},
}

@inproceedings{mago-mmirc-16,
    author = {Mahdian, Milad and Arianfar, Somaya and Gibson, Jim and Oran, Dave},
    title = {{MIRCC: Multipath-aware ICN Rate-based Congestion Control}},
    booktitle = {Proceedings of the 3rd ACM Conference on Information-Centric Networking},
    series = {ACM-ICN '16},
    year = {2016},
    isbn = {978-1-4503-4467-8},
    location = {Kyoto, Japan},
    pages = {1--10},
    publisher = {ACM},
    address = {New York, NY, USA},
}

@techreport{ms-eai-15,
  author ="A. Markkanen and D. Shey",
  title ={{Edge Analytics in IoT}},
  institution = "ABI Research",
  month = "April 8",
  year  = 2015,
}

@inproceedings{arxpp-kip-17,
  author = {Onur Ascigil and Sergi Re{\~n}{\'e} and George Xylomenos and Ioannis Psaras and George Pavlou },
  title = {{A Keyword-based ICN-IoT Platform}},
  booktitle = {Proc. of 4th ACM Conference on Information-Centric Networking (ICN)},
  pages = {22--28},
  publisher = {ACM},
  address = {New York, NY, USA},
  month = {September},
  year = {2017},
}

@inproceedings{sblwy-ndnti-16,
  author    = {Wentao Shang and Adeola Bannis and Teng Liang and Zhehao Wang and Yingdi Yu and Alexander Afanasyev and Jeff Thompson and Jeff Burke and Beichuan Zhang and Lixia Zhang},
  title     = {{Named Data Networking of Things (Invited Paper)}},
  booktitle = {Proc. of IEEE International Conf. on Internet-of-Things Design and Implementation (IoTDI)},
  pages     = {117--128},
  year      = {2016},
  publisher = {IEEE Computer Society},
  address   = {Los Alamitos, CA, USA},
}

@inproceedings{filhp-coi-16,
  author = {Nikos Fotiou and Hasan Islam and Dmitrij Lagutin and Teemu Hakala and George C. Polyzos},
  title = {{CoAP over ICN}},
  booktitle = {Proc. of IFIP NTMS},
  pages = {1--4},
  year = {2016},
  publisher = {IEEE},
  address = {Piscataway, NJ, USA},
}

@inproceedings{ilf-oiro-17,
  author = {Hasan Islam and Dmitrij Lagutin and Nikos Fotiou},
  title = {{Observing IoT Resources over ICN}},
  booktitle = {Proc. of IFIP Networking Workshop on Information-Centric Fog Computing},
  pages = {1--8},
  year = {2017},
  publisher = {IEEE},
  address = {Piscataway, NJ, USA},
}


@article{qfgac-itdii-17,
  author = "{Jos{\'e} Quevedo and Rui Ferreira and Carlos Guimar{\~a}es and Rui L.  Aguiar and Daniel Corujo}",
  title = "Internet of Things discovery in interoperable Information Centric and IP networks",
  journal = "Internet Technology Letters",
  volume = "1",
  issue = "1",
  pages = "1--6",
  year = "2017",
}

@inproceedings{sblwy-ndnt-16,
  author = {Nikos Fotiou and George Xylomenos and George C. Polyzos and Hasan Islam and Dmitrij Lagutin and Teemu Hakala and Eero Hakala},
  title = {{Named Data Networking of Things (Invited Paper)}},
  booktitle = {Proc. of IEEE IoTDI},
  year = {2016},
  publisher = {IEEE},
}

@techreport{sylzz-nacce-15,
   author = {Wentao Shang and Yingdi Yu and Teng Liang and Beichuan Zhang and and Lixia Zhang},
   title = {{NDN-ACE: Access Control for Constrained Environments over Named Data Networking}},
   number = {NDN-0036},
   type = {Technical Report},
   institution = {NDN},
   year = {2015},
   month = {December},
}

@inproceedings{fxpil-iecei-17,
  author = {Nikos Fotiou and George Xylomenos and George C. Polyzos and Hasan Islam and Dmitrij Lagutin and Teemu Hakala and Eero Hakala},
  title = {{ICN Enabling CoAP Extensions for IP Based IoT Devices}},
  booktitle = {Proc. of ACM ICN},
  year = {2017},
  pages = {218--219},
  publisher = {ACM},
  address = {New York, NY, USA},
}

@inproceedings{spp-cccn-17,
  author    = {Sridhar Srinivasa Subramanian and Joseph Pasquale and George C. Polyzos},
  title     = {{CoAP for Content-Centric Networks}},
  booktitle = {Proc. of IEEE CCNC},
  year      = {2017},
  pages     = {467--472},
  publisher = {IEEE},
  address   = {Piscataway, NJ, USA},
}


%% survey, analysis, overview ...

@INPROCEEDINGS{szsmb-avdir-17,
  author={E. M. Schooler and D. Zage and J. Sedayao and H. Moustafa and A. Brown and M. Ambrosin},
  booktitle={IEEE 37th Intern. Conference on Distributed Computing Systems (ICDCS)},
  title={{An Architectural Vision for a Data-Centric IoT: Rethinking Things, Trust and Clouds}},
  year={2017},
  pages={1717-1728},
  month={June},
  publisher={IEEE},
  address   = {Piscataway, NJ, USA},
}

@inproceedings{g-ainai-17,
 author = {Garcia-Luna-Aceves, J. J.},
 title = {{ADN: An Information-Centric Networking Architecture for the Internet of Things}},
 booktitle = {Proc. of the 2nd International Conference on Internet-of-Things Design and Implementation},
 series = {IoTDI '17},
 year = {2017},
 location = {Pittsburgh, PA, USA},
 pages = {27--36},
 publisher = {ACM},
  address = {New York, NY, USA},
}




@incollection{mwt-tucin-16,
  title={Towards the Usage of CCN for IoT Networks},
  author={Mathieu, Bertrand and Westphal, Cedric and Truong, Patrick},
  booktitle={Internet of Things (IoT) in 5G Mobile Technologies},
  pages={3--24},
  year={2016},
  publisher={Springer},
  address = {Cham, Switzerland}
}

@article{abcmr-inmcd-16,
  title = "{Information-centric networking for M2M communications: Design and deployment}",
  author = "Marica Amadeo and Orazio Briante and Claudia Campolo and Antonella Molinaro and Giuseppe Ruggeri",
  journal = "Computer Communications",
  volume = "89--90",
  pages = "105 - 116",
  year = "2016",
}


@article{sqvcg-simab-16,
  title = "{A secure IoT management architecture based on Information-Centric Networking}",
  author = "Javier Suarez and Jose Quevedo and Ivan Vidal and Daniel Corujo and Jaime Garcia-Reinoso and Rui L. Aguiar",
  journal = "Journal of Network and Computer Applications ",
  volume = "63",
  pages = "190 - 204",
  year = "2016",

}

@Article{pf-britu-15,
author="Polyzos, George C. and Fotiou, Nikos",
title="{Building a reliable Internet of Things using Information-Centric Networking}",
journal="Journal of Reliable Intelligent Environments",
year="2015",
volume="1",
number="1",
pages="47--58",
}

@inproceedings{srs-sndnt-15,
  author={Saxena, Divya and Raychoudhury, Vaskar and SriMahathi, Nalluri},
  title={{SmartHealth-NDNoT: Named Data Network of Things for Healthcare Services}},
  booktitle={Proc. of Workshop on Pervasive Wireless Healthcare (MobileHealth)},
  pages={45--50},
  year={2015},
  publisher={ACM},
  address = {New York, NY, USA},
}


@article{vlsy-icnrc-15,
  author    = {Anthanasios V. Vasilakos and Zhe Li and Gwendal Simon and Wei You},
  title     = {{Information Centric Network: Research Challenges and Opportunities}},
  journal   = {Journal of Network and Computer Applications},
  volume    = {52},
  pages     = {1--10},
  year      = {2015},
  publisher = {Elsevier}
}

@inproceedings{g-msacc-15,
  author    = {J. J. Garcia{-}Luna{-}Aceves},
  title     = {{A More Scalable Approach to Content Centric Networking}},
  booktitle = {ICCCN},
  publisher = {{IEEE}},
  address   = {Piscataway, NJ, USA},
  year      = {2015},
}

@inproceedings{kvoxp-isrin-15,
  author    = {Konstantinos V. Katsaros and Xenofon Vasilakos and Timothy Okwii and George Xylomenos and George Pavlou and George C. Polyzos},
  title     = {{On the Inter-domain Scalability of Route-by-Name Information-Centric Network Architectures}},
  booktitle = {Proc. of IFIP Networking},
  year      = {2015},
}

@INPROCEEDINGS{pcad-gir-13,
  author={D. Papadimitriou and D. Colle and P. Audenaert and P. Demeester},
  title={{Geometric Information Routing}},
  booktitle={Proc. of IEEE ANTS},
  year={2013},
  publisher = {{IEEE}},
  address   = {Piscataway, NJ, USA},
}

@inproceedings{sycz-snpfm-15,
  author = {Tian Song and Haowei Yuan and Patrick Crowley and Beichuan Zhang},
  title = {Scalable Name-Based Packet Forwarding: From Millions to Billions},
  booktitle = {Proc. of ACM ICN},
  year = {2015},
  pages = {19--28},
  publisher = {ACM},
  address = {New York, NY, USA},
}

@inproceedings{aywzz-ssnms-15,
  author    = {Alexander Afanasyev and Cheng Yi and Lan Wang and Beichuan Zhang and Lixia Zhang},
  title     = {{SNAMP: Secure Namespace Mapping to Scale NDN Forwarding}},
  booktitle = {Proc. of IEEE Global Internet Symposium},
  pages     = {281--286},
  year      = {2015},
  publisher = {{IEEE}},
  address   = {Piscataway, NJ, USA},
}

@INPROCEEDINGS{acim-ndnia-14,
  author={M. Amadeo and C. Campolo and A. Iera and A. Molinaro},
  title={{Named data networking for IoT: An architectural perspective}},
  booktitle={2014 European Conference on Networks and Communications (EuCNC)},
  year={2014},
  pages={1-5},
  month={June},
  publisher = {IEEE},
  address   = {Piscataway, NJ, USA},
}

@INPROCEEDINGS{acim-icnis-15,
  author={M. Amadeo and C. Campolo and A. Iera and A. Molinaro},
  title={{Information Centric Networking in IoT scenarios: The case of a smart home}},
  booktitle={Proc. of IEEE International Conference on Communications (ICC)},
  pages={648--653},
  month={June},
  year={2015},
  publisher = {IEEE},
  address = {Piscataway, NJ, USA},
}


@inproceedings{acm-msdri-14,
  author = {Marica Amadeo and Claudia Campolo and Antonella Molinaro},
  title = {{Multi-source Data Retrieval in IoT via Named Data Networking}},
  booktitle = {Proc. of ACM ICN},
  year = {2014},
  pages = {67--76},
  publisher = {ACM},
  address = {New York, NY, USA},
}

@inproceedings{aso-drmic-13,
  author = {Somaya Arianfar and Pasi Sarolahti and J\"{o}rg Ott},
  title = {{Deadline-based Resource Management for Information-centric Networks}},
  booktitle = {Proc. of the 3rd ACM SIGCOMM Workshop on ICN},
  year = {2013},
  pages = {49--54},
  publisher = {ACM},
  address = {New York, NY, USA},
}

@inproceedings{ddkv-mhnrs-11,
 author = {D'Ambrosio, Matteo and Dannewitz, Christian and Karl, Holger and Vercellone, Vinicio},
 title = {{MDHT: A Hierarchical Name Resolution Service for Information-centric Networks}},
 booktitle = {Proc. of the ACM SIGCOMM WS on ICN},
 year = {2011},
 location = {Toronto, Ontario, Canada},
 pages = {7--12},
 publisher = {ACM},
 address = {New York, NY, USA},
}

@article{chck-scone-11,
  author    = {Choi, Jaeyoung and Han, Jinyoung and Cho, Eunsang and Kwon, T. and Choi, Yanghee},
  title     = {{A Survey on content-oriented networking for efficient content delivery}},
  journal   = {Communications Magazine, IEEE},
  number    = {3},
  pages     = {121--127},
  volume    = {49},
  year      = {2011},
  publisher = {IEEE},
  institution = {Seoul Nat. Univ., Seoul, South Korea},
}

@inproceedings{wss-rkwsn-09,
  author={Will, Heiko and Schleiser, Kaspar and Schiller, Jochen},
  title = {A real-time kernel for wireless sensor networks employed in rescue scenarios},
  booktitle = {34th Annual IEEE Conf. on Local Computer Networks Workshops (LCN Workshops)},
  pages={834-841},
  location   = {Zurich},
  month={Oct},
  year={2009},
  publisher = {IEEE Press},
}

@article{krvra-sncs-15,
  author={Kreutz, Diego and Ramos, Fernando MV and Verissimo, PE and Rothenberg, C Esteve and Azodolmolky, Siamak and Uhlig, Steve},
  journal={Proc. of the IEEE},
  title={Software-defined networking: A comprehensive survey},
  volume={103},
  number={1},
  pages={14--76},
  year={2015},
  publisher={IEEE},
}

@article{lvt-psipp-10,
  title={{Publish/Subscribe for Internet: PSIRP Perspective}},
  author={Lagutin, Dmitrij and Visala, Kari and Tarkoma, Sasu},
  journal={Future Internet Assembly},
  volume={84},
  year={2010},
  pages={75--84},
}


@article{xvsft-sinr-14,
  author={George Xylomenos and Christopher N. Ververidis and Vasilios A. Siris and Nikos Fotiou and Christos Tsilopoulos and Xenofon Vasilakos and Konstantinos V. Katsaros and George C. Polyzos},
  journal={IEEE Communications Surveys and Tutorials},
  title={{A Survey of Information-Centric Networking Research}},
  year={2014},
  volume={16},
  number={2},
  pages={1024--1049},
}

@article{c-ddssp-12,
 author = {Chung, Yoo},
 title = {{Distributed Denial of Service is a Scalability Problem}},
 journal = {SIGCOMM CCR.},
 volume = {42},
 number = {1},
 month = jan,
 year = {2012},
 pages = {69--71},
 publisher = {ACM},
 address = {New York, NY, USA},
}


@inproceedings{dwfl-mdani-13,
  author = {Huichen Dai and Yi Wang and Jindou Fan and Bin Liu},
  title = {{Mitigate DDoS Attacks in NDN by Interest Traceback}},
  booktitle = {Proc. of IEEE INFOCOM NOMEN Workshop},
  year = {2013},
  publisher = {IEEE Press},
  address = {Piscataway, NJ, USA},
}

@techreport{ccgt-pmifd-13,
   author = {Alberto Compagno and Mauro Conti and Paolo Gasti and Gene Tsudik},
   title = {{Poseidon: Mitigating Interest Flooding DDoS Attacks in Named Data Networking}},
   number = {1303.4823},
   institution = {ArXiv e-prints},
   year = {2013},
   month = {March},
}

@article{wzlgq-dmifa-13,
  author = {Kai Wang and Huachun Zhou and Hongbin Luo and Jianfeng Guan and Yajuan Qin and Hongke Zhang},
  title = {{Detecting and mitigating interest flooding attacks in content-centric network}},
  journal = {Security and Communication Networks},
  volume = {7},
  number = {4},
  month = {April},
  year = {2013},
  pages = {685--699},
}

@inproceedings{ammuz-ifacn-13,
  author = {Alexander Afanasyev and Priya Mahadevan and Ilya Moiseenko and Ersin Uzun and Lixia Zhang},
  title = {{Interest Flooding Attack and Countermeasures in Named Data Networking}},
  booktitle = {Proc. of IFIP Networking},
  year = {2013},
  publisher = {IEEE Press},
  address = {Piscataway, NJ, USA},
}

@misc{hamcast-dev,
  author    = {HAMcast},
  title     = {{HAMcast -- Developers Webpage}},
  year      = {2012},
  howpublished = {\url{http://hamcast.realmv6.org/developers}},
}

@inproceedings{snow-tfnsf-12,
  author    = {Won So and Ashok Narayanan and Dave Oran and Yaogong Wang},
  title     = {{Toward Fast NDN Software Forwarding Lookup Engine Based on Hash Tables}},
  booktitle = {Proc. of ANCS},
  year      = {2012},
  publisher = {IEEE Press},
  address   = {Piscataway, NJ, USA},
}

@inproceedings{ano-crdi-10,
  author    = {Somaya Arianfar and Pekka Nikander and J{\"o}rg Ott},
  title     = {{On Content-Centric Router Design and Implications}},
  booktitle = {Proc. of ReARCH workshop},
  year      = {2010},
  publisher = {ACM},
  address   = {New York, NY, USA},
}

@article{tss-aiia-10,
  author    = {Trossen, Dirk and Sarela, Mikko and Sollins, Karen},
  title     = {{Arguments for an Information-Centric Internetworking Architecture}},
  journal   = {SIGCOMM Comput. Commun. Rev.},
  volume    = {40},
  number    = {2},
  issue     = {2},
  year      = {2010},
  issn      = {0146-4833},
  pages     = {26--33},
  publisher = {ACM},
  address   = {New York, NY, USA},
}

@techreport{cb-snv-08,
  author    = {N.M. Mosharaf Kabir Chowdhury and Raouf Boutaba},
  title     = {{A Survey of Network Virtualization}},
  number    = {CS-2008-25},
  year      = {2008},
  month     = oct,
  institution = {University of Waterloo},
  url       = {http://www.cs.uwaterloo.ca/research/tr/2008/CS-2008-25.pdf},
}

@article{rsm-teia-05b,
  author    = {Ratnasamy, Sylvia and Shenker, Scott and McCanne, Steven},
  title     = {{Towards an Evolvable Internet Architecture}},
  journal   = {SIGCOMM Computer Communication Review},
  volume    = {35},
  number    = {4},
  pages     = {313--324},
  year      = {2005},
  publisher = {ACM},
  address   = {New York, NY, USA},
}

@article{d-wwdta-08,
  author    = {Dovrolis, Constantine},
  title     = {{What would Darwin think about clean-slate architectures?}},
  journal   = {SIGCOMM Computer Communication Review},
  volume    = {38},
  number    = {1},
  pages     = {29--34},
  year      = {2008},
  publisher = {ACM},
  address   = {New York, NY, USA},
}

@article{cwsb-tcdti-05,
  author    = {Clark, David D. and Wroclawski, John and Sollins, Karen R. and Braden, Robert},
  title     = {{Tussle in cyberspace: defining tomorrow's internet}},
  journal   = {IEEE/ACM Transactions on Networking},
  volume    = {13},
  number    = {3},
  pages     = {462--475},
  year      = {2005},
  publisher = {IEEE Press},
  address   = {Piscataway, NJ, USA},
}

%% architectures

@article{khy-dfsnd-19,
  author    = {Meng Kuai and Xiaoyan Hong and Qiangyuan Yu},
  title     = {{Delay-tolerant forwarding strategy for named data networking in vehicular environment}},
  journal   = {International Journal of Ad Hoc and Ubiquitous Computing},
  numpages  = {12},
  volume    = {31},
  number    = {1},
  year      = {2019},
  publisher = {InderScience},
}

@article{maas-nfwsd-20,
  author    = {Andr{\'e} Luiz R. Madureira and Francisco Renato C. Ara{\'u}jo and Guilherme B. Ara{\'u}jo and Leobino N. Sampaio},
  title     = {{NDN Fabric: Where the Software-Defined Networking Meets the Content-Centric Model}},
  journal   = {IEEE Transactions on Network and Service Management},
  numpages  = {14},
  year      = {2020},
  publisher = {IEEE Press},
  address   = {Piscataway, NJ, USA},
}

@inproceedings{sgs-tspmi-20,
  author    = {Vignesh Sivaraman and Dibyajyoti Guha and Biplab Sikdar},
  booktitle = {2020 IEEE 91st Vehicular Technology Conference (VTC2020-Spring)},
  title     = {{Towards Seamless Producer Mobility in Information Centric Vehicular Networks}},
  year      = {2020},
  pages     = {1--5},
  publisher = {IEEE},
}

@inproceedings{hc-ecbnp-19,
  author    = {Huan he and Bo Chen},
  title     = {{An Elliptic Curve Based Name Privacy Protection Mechanism for Sensory Data Centric Named Data Networking}},
  booktitle = {Proc. of 15th International Conference on Mobile Ad-Hoc and Sensor Networks (MSN)},
  year      = {2019},
  pages     = {56--62},
  publisher = {IEEE},
  address   = {Piscataway, NJ, USA},
}

@techreport{laszz-napp-18,
  author      = {Yanbiao Li and Alexander Afanasyev and Junxiao Shi and Haitao Zhang and Zhiyi Zhang and Tianxiang Li and Edward Lu and Beichuan Zhang Lan Wang and Lixia Zhang},
  title       = {{NDN Automatic Prefix Propagation}},
  number      = {NDN-0045},
  type        = {Technical Report},
  institution = {NDN},
  year        = {2018},
  month       = {March}
}

@INPROCEEDINGS{ase-inmdt-18,
  author    = {Sara Arabi and Essaid Sabir and Halima Elbiaze},
  booktitle = {2018 IEEE Wireless Communications and Networking Conference (WCNC)},
  title     = {{Information-centric networking meets delay tolerant networking: Beyond edge caching}},
  year      = {2018},
  pages     = {1--6},
  publisher = {IEEE},
}

@article{mdbmd-aafbl-18,
  author    = {Maroua Meddeb and Amine Dhraief and Abdelfettah Belghith and Thierry Monteil and Khalil Drira and Sofien Gannouni},
  title     = {{AFIRM: Adaptive forwarding based link recovery for mobility support in NDN/IoT networks}},
  journal   = {Future Generation Computer Systems},
  volume    = {87},
  pages     = {351--363},
  year      = {2018},
  publisher = {Elsevier}
}

@article{mtm-llasr-18,
  author    = {Travis Mick and Reza Tourani and Satyajayant Misra},
  title     = {{LASeR: Lightweight Authentication and Secured Routing for NDN IoT in Smart Cities}},
  journal   = {IEEE Internet of Things Journal},
  volume    = {5},
  number    = {2},
  pages     = {755--764},
  year      = {2018},
  publisher = {IEEE Press},
  address   = {Piscataway, NJ, USA},
}

@inproceedings{ccd-ospoi-16,
 author     = {Alberto Compagno and Mauro Conti and Ralph Droms},
 title      = {{OnboardICNg: a Secure Protocol for On-boarding IoT Devices in ICN}},
 booktitle  = {Proceedings of the 3rd ACM Conference on Information-Centric Networking},
 series     = {ICN '16},
 year       = {2016},
 location   = {Kyoto, Japan},
 pages      = {166--175},
 publisher  = {ACM},
 address    = {New York, NY, USA},
}

@inproceedings{arcw-spmsi-16,
 author     = {Aytac Azgin and Ravishankar Ravindran and Asit Chakraborti and Guoqiang Wang},
 title      = {{Seamless Producer Mobility as a Service in Information Centric Networks}},
 booktitle  = {Proceedings of the 3rd ACM Conference on Information-Centric Networking},
 series     = {ICN '16},
 year       = {2016},
 location   = {Kyoto, Japan},
 pages      = {243--248},
 publisher  = {ACM},
 address    = {New York, NY, USA},
}

@inproceedings{zabz-smsnd-16,
  author    = {Yu Zhang and Alexander Afanasyev and Jeff Burke and Lixia Zhang},
  title     = {{A survey of mobility support in Named Data Networking}},
  booktitle = {Proc. of IEEE Conference on Computer Communications Workshops (INFOCOM WKSHPS)},
  publisher = {IEEE},
  address   = {Piscataway, NJ, USA},
  year      = {2016},
  pages     = {83-88},
}

@techreport{o-ddssv-15,
  author       = {{Object Management Group}},
  title        = {{Data Distribution Service Specification Version 1.4}},
  year         = 2015,
  month        = {March},
  organization = {OMG},
  institution  = {OMG},
  url          = {https://www.omg.org/spec/DDS/1.4},
}

@inproceedings{ilty-tdti-15,
  author    = {Hasan M.A. Islam and Andrey Lukyanenko and Sasu Tarkoma and Antti Yla-Jaaski},
  booktitle = {2015 IEEE Symposium on Computers and Communication (ISCC)},
  title     = {{Towards disruption tolerant ICN}},
  year      = {2015},
  pages     = {212--219},
  publisher = {IEEE},
}

@inproceedings{gppvw-vvndn-14,
  author    = {Giulio Grassi and Davide Pesavento and Giovanni Pau and Rama Vuyyuru and Ryuji Wakikawa and Lixia Zhang},
  booktitle = {2014 IEEE Conference on Computer Communications Workshops (INFOCOM WKSHPS)},
  title     = {{VANET via Named Data Networking}},
  year      = {2014},
  pages     = {410--415},
  publisher = {IEEE},
}

@article{llrsb-prndn-12,
  author     = {Tobias Lauinger and Nikolaos Laoutaris and Pablo Rodriguez and Thorsten Strufe and Ernst Biersack and Engin Kirda},
  title      = {{Privacy Risks in Named Data Networking: What is the Cost of Performance?}},
  year       = {2012},
  issue_date = {October 2012},
  publisher  = {ACM},
  address    = {New York, NY, USA},
  volume     = {42},
  number     = {5},
  issn       = {0146-4833},
  journal    = {SIGCOMM Comput. Commun. Rev.},
  month      = {September},
  pages      = {54--57},
}

@inproceedings{wakvw-rtidu-12,
  author = {Lucas Wang and Alexander Afanasyev and Romain Kuntz and Rama Vuyyuru and Ryuji Wakikawa and Lixia Zhang},
  title = {{Rapid Traffic Information Dissemination Using Named Data}},
  booktitle = {Proc. of 1st ACM Workshop on Emerging Name-Oriented
  Mobile Networking Design - Architecture, Algorithms, and Applications (NoM)},
  year = {2012},
  pages = {7--12},
  publisher = {ACM},
  address = {New York, NY, USA},
}

@article{gpwpv-hpvin-13,
  author = {Giulio Grassi and Davide Pesavento and Lucas Wang and Giovanni Pau and Rama Vuyyuru and Ryuji Wakikawa and Lixia Zhang},
  title = {{ACM HotMobile 2013 Poster: Vehicular Inter-networking via Named Data}},
  journal = {SIGMOBILE Mob. Comput. Commun. Rev.},
  volume = {17},
  number = {3},
  month = {November},
  year = {2013},
  pages = {23--24},
  publisher = {ACM}
}

@techreport{gpwpv-vind-13,
  author = {Giulio Grassi and Davide Pesavento and Lucas Wang and Giovanni Pau and Rama Vuyyuru and Ryuji Wakikawa and Lixia Zhang},
  title = {{Vehicular Inter-Networking via Named Data}},
  number = {arXiv:1310.5980},
  institution = {Open Archive: arXiv.org},
  month     = {October},
  year      = {2013},
}

@techreport{sz-nlpd-12,
   author = {Junxiao Shi and Beichuan Zhang},
   title = {{NDNLP: A Link Protocol for NDN}},
   number = {NDN-0006},
   type = {NDN, Technical Report},
   institution = {NDN Team},
   year = {2012},
   month = {July},
}

@inproceedings{thh-edacw-13,
  author = {Torsten Teubler and Mohamed Hail and Horst Hellbr{\"u}ck},
  title = {{Efficient Data Aggregation with CCNx in Wireless Sensor Networks}},
  booktitle = {19th  Open  European  Summer  School  (EUNICE)},
  series = {LNCS},
  volume = {8115},
  pages = {209--220},
  year = {2013},
  publisher = {Springer},
  address = {Berlin Heidelberg},
}

@inproceedings{slwlz-nnfni-16,
  author = {Junxiao Shi and Teng Liang and Hao Wu and Bin Liu and Beichuan Zhang},
  title = {NDN-NIC: Name-based Filtering on Network Interface Card},
  booktitle = {Proc. of ACM ICN},
  pages = {40--49},
  year = {2016},
  publisher = {ACM},
  address = {New York, NY, USA},
}

@inproceedings{wpmdg-nafnl-13,
  author    = {Yi Wang and Tian Pan and Zhian Mi and Huichen Dai and Xiaoyu Guo and Ting Zhang and Bin Liu and Qunfeng Dong},
  title     = {{NameFilter: Achieving fast name lookup with low memory cost via applying two-stage Bloom filters}},
  booktitle = {{IEEE} {INFOCOM'13}},
  pages     = {95--99},
  year      = {2013},
}

@inproceedings{tmkgp-jadm-12,
 author    = {Gareth Tyson and Andreas Mauthe and Sebastian Kaune and Paul Grace and Thomas Plagemann},
  title     = {{Juno: An Adaptive Delivery-centric Middleware}},
  booktitle = {CCNC},
  year      = {2012},
  pages     = {587--591},
  publisher = {IEEE},
  location  = {Las Vegas},
}

@article{tscrm-smin-13,
   author = {Tyson, Gareth and Sastry, Nishanth and Cuevas, Ruben and Rimac, Ivica and Mauthe, Andreas},
   title = {{A Survey of Mobility in Information-centric Networks}},
   journal = {Commun. ACM},
   issue_date = {December 2013},
   volume = {56},
   number = {12},
   month = dec,
   year = {2013},
   pages = {90--98},
   publisher = {ACM},
   address = {New York, NY, USA},
}


@techreport{yamwz-csfp-12,
 author = {Cheng Yi and Alexander Afanasyev and Ilya Moiseenko and Lan Wang and Beichuan Zhang and Lixia Zhang},
 title  = {{A Case for Stateful Forwarding Plane}},
 number = {NDN-0002},
 institution = {PARC},
 month     = {July},
 year      = {2012},
}

@techreport{gtuz-ddnn-12,
   author = {{Gasti}, P. and {Tsudik}, G. and {Uzun}, E. and {Zhang}, L.},
   title = "{{DoS and DDoS in Named-Data Networking}}",
   number = {1208.0952},
   institution = {ArXiv e-prints},
   year = 2012,
   month = {August},
}

@inproceedings{gtuz-ddndn-13,
  author    = {Paolo Gasti and Gene Tsudik and Ersin Uzun and Lixia Zhang},
  title     = {{DoS and DDoS in Named Data Networking}},
  booktitle = {Proc. of ICCCN},
  publisher = {{IEEE}},
  pages     = {1--7},
  year      = {2013},
}

@article{rsvr-nir-11,
  author    = {Jarno Rajahalme and Mikko S{\"a}rel{\"a} and Kari Visala and Janne Riihij{\"a}rvi},
  title     = {{On Name-based Inter-domain Routing}},
  journal   = {Computer Networks},
  volume    = {55},
  number    = {4},
  pages     = {975--986},
  note      = {Special Issue on Architectures and Protocols for the Future Internet},
  year      = {2011},
}

@INPROCEEDINGS{olg-ccnte-10,
  author={S. Y. Oh and D. Lau and M. Gerla},
  title={{Content Centric Networking in tactical and emergency MANETs}},
  booktitle={2010 IFIP Wireless Days},
  year={2010},
  pages={1-5},
  month={Oct},
  publisher={IEEE},
  address = {Piscataway, NJ, USA},
}


@INPROCEEDINGS{jtsl-baana-07,
  author    = {Jelger, Christophe and Tschudin, Christian and Schmid, Stefan and Leduc, Guy},
  title     = {{Basic Abstractions for an Autonomic Network Architecture}},
  booktitle = {Proc. of the IEEE Int. Symp. on a World of Wireless, Mobile and Multimedia Networks (WoWMoM'07)},
  year      = {2007},
  month     = jun,
  pages     = {1--6},
  publisher = {IEEE},
  ISBN      = {978-1-4244-0993-8},
}

@INPROCEEDINGS{aaer-niia-06,
  author    = {Ahlgren, B. and Arkko, J. and Eggert, L. and Rajahalme, J.},
  title     = {{A Node Identity Internetworking Architecture}},
  booktitle = {Proc. of the 25th IEEE Int. Conf. on Computer Communications (INFOCOM'06)},
  year      = {2006},
  month     = apr,
  pages     = {1--6},
  publisher = {IEEE},
}

@INPROCEEDINGS{sllks-nddis-09,
  author    = {Suman Srinivasan and Jae Woo Lee and Eric Liu and Michael Kester and Henning Schulzrinne and Volker Hilt and Srini Seetharaman and Ashiq Khan},
  title     = {{NetServ: Dynamically Deploying In-Network Services}},
  booktitle = {Proc of the Conf. on emerging Networking EXperiments and Technologies. ReArch Workshop'09 (ReArch'09)},
  year      = {2009},
  month     = dec,
  publisher = {ACM},
  location  = {Rome},
}

@INPROCEEDINGS{tp-rnam-08,
  author    = {Touch, J.D. and Pingali, V.K.},
  title     = {{The RNA Metaprotocol}},
  booktitle = {Proc. of the 17th Int. Conf. on Computer Communications and Networks (ICCCN'08)},
  year      = {2008},
  month     = aug,
  pages     = {1--6},
  ISSN      = {1095-2055},
  publisher = {IEEE},
}

@inproceedings{sebq-tadcn-04,
  title = "{TurfNet: An Architecture for Dynamically Composable Networks}",
  author = {Stefan Schmid and Lars Eggert and Marcus Brunner and J{\"u}rgen Quittek},
  booktitle = {WAC},
  editor = {Michael Smirnov},
  pages = {94--114},
  publisher = {Springer},
  series = {Lecture Notes in Computer Science},
  volume = {3457},
  year = {2004},
}

@inproceedings{psebq-satnr-05,
  author = {Jordi Pujol and Stefan Schmid and Lars Eggert and Marcus Brunner and J\"{u}rgen Quittek},
  title = "{Scalability Analysis of the TurfNet Naming and Routing Architecture}",
  booktitle = {DIN '05: Proceedings of the 1st ACM workshop on Dynamic interconnection of networks},
  year = {2005},
  pages = {28--32},
  location = {Cologne, Germany},
  publisher = {ACM},
  address = {NY, USA},
}

@inproceedings{chmrw-panp-03,
  author = {Jon Crowcroft and Steven Hand and Richard Mortier and Timothy Roscoe and Andrew Warfield},
  title = "{Plutarch: an Argument for Network Pluralism}",
  booktitle = {Proc. of the ACM SIGCOMM workshop on Future Directions in Network Architecture (FDNA'03)},
  year = {2003},
  pages = {258--266},
  publisher = {ACM Press},
  address = {NY, USA},
}

@techreport{w-m-97,
  author = "John T. Wroclawski",
  title = "{The Metanet}",
  type = "White Paper",
  booktitle = "Workshop on Research Directions for the Next Generation Internet",
  institution = "MIT Labratory for Computer Science",
  howpublished = "\url{http://www.cra.org/Policy/NGI/papers/wroklawWP}",
  year = "1997",
}

@techreport{bcsw-dngia-00,
  author = "Robert Braden and David Clark and Scott Shenker and John Wroclawski",
  title = "{Developing a Next-Generation Internet Architecture}",
  type = "White Paper",
  institution = "ISI",
  booktitle = "NewArch Project: Future-Generation Internet Architecture",
  howpublished = "\url{http://www.isi.edu/newarch/DOCUMENTS/WhitePaper.pdf}",
  month = "July",
  year = "2000",
}

@article{bfh-rba-03,
  author    = {Braden, Robert and Faber, Ted and Handley, Mark},
  title     = {{From protocol stack to protocol heap: role-based architecture}},
  journal   = {SIGCOMM Computer Communications Review},
  year      = {2003},
  volume    = {33},
  number    = {1},
  pages     = {17--22},
  publisher = {ACM},
  address   = {New York, NY, USA},
}

@INPROCEEDINGS{drbbs-silo-07,
  author    = {Rudra Dutta and George N. Rouskas and Ilia Baldine and Arnold Bragg and Dan Stevenson},
  title     = {{The SILO Architecture for Services Integration, controL, and Optimization for the Future Internet}},
  booktitle = {proc. of the IEEE Int. Conf. on Communications (ICC'07)},
  year      = {2007},
  month     = jun,
  publisher = {IEEE},
  location  = {Glasgow, Scotland},
}

@INPROCEEDINGS{hhnl-clio-09,
  author    = {Dirk Haage and Ralph Holz and Heiko Niedermayer and Pavel Laskov},
  title     = {{CLIO - A Cross-Layer Information Service for Overlay Network Optimization}},
  booktitle = {16. Fachtagung f{\"u}r Kommunikation in Verteilten Systemen (KIVS'09)},
  year      = {2009},
  publisher = {Springer},
  location  = {Kassel, Germany},
}

@INPROCEEDINGS{bvwrd-usacd-07,
  author    = {Baldine, I. and Vellala, M. and Anjing Wang and Rouskas, G. and Dutta, R. and Stevenson, D.},
  title     = {{A Unified Software Architecture to Enable Cross-Layer Design in the Future Internet}},
  booktitle = {Proc. of the 16th Int. Conf. on Computer Communications and Networks (ICCCN'07)},
  year      = {2007},
  month     = aug,
  pages     = {26--32},
  ISSN      = {1095-2055},
  publisher = {IEEE},
}

@INPROCEEDINGS{vmwze-scnar-09,
  author    = {Volker, L. and Martin, D. and Werle, C. and Zitterbart, M. and El Khayat, I.},
  title     = {{Selecting Concurrent Network Architectures at Runtime}},
  booktitle = {Proc. of the IEEE Int. Conf. on Communications (ICC'09)},
  year      = {2009},
  month     = jun,
  pages     = {1--5},
  publisher = {IEEE},
  location  = {Dresden, Germany},
}

@INPROCEEDINGS{vmewz-natfn-09,
  author    = {Volker, L. and Martin, D. and El Khayaut, I. and Werle, C. and Zitterbart, M.},
  title     = {{A Node Architecture for 1000 Future Networks}},
  booktitle = {Proc. of the IEEE Int. Conf. on Communications Workshops (ICC'09)},
  year      = {2009},
  month     = jun,
  pages     = {1--5},
  publisher = {IEEE},
}

@INPROCEEDINGS{j-tpcia-06,
  author    = {Raj Jian},
  title     = {{Internet 3.0: Ten Problems with Current Internet Architecture and Solutions for the Next Generation}},
  booktitle = {Military Communications Conference (MILCOM'06)},
  year      = {2006},
  month     = oct,
  pages     = {1--9},
  publisher = {IEEE},
}

@INPROCEEDINGS{bhmw-uasvn-08,
  author    = {Roland Bless and Christian H{\"u}bsch and Sebastian Mies and Oliver P. Waldhorst},
  title     = {{The Underlay Abstraction in the Spontaneous Virtual Networks (SpoVNet) Architecture}},
  booktitle = {Next Generation Internet Networks (NGI'08)},
  year      = {2008},
  month     = apr,
  publisher = {IEEE},
  pages     = {115--122},
}

@article{hmmbw-riasp-10,
  author    = {H\"{u}bsch, Christian and Mayer, Christoph P. and Mies, Sebastian and Bless, Roland and Waldhorst, Oliver P. and Zitterbart, Martina},
  title     = {{Reconnecting the Internet with Ariba: Self-Organizing Provisioning of End-to-End Connectivity in Heterogeneous Networks}},
  journal   = {SIGCOMM Comput. Commun. Rev.},
  volume    = {40},
  number    = {1},
  month     = jan,
  year      = {2010},
  pages     = {131--132},
  publisher = {ACM},
  address   = {New York, NY, USA},
  keywords  = {heterogeneity, overlay networks, peer-to-peer networking},
}

@INPROCEEDINGS{hske-ndnan-09,
  author    = {Oliver Hanka and Christoph Splei{\ss} and Gerald Kunzmann and J{\"o}rg Ebersp{\"a}cher},
  title     = {{A Novel DHT-Based Network Architecture for the Next Generation Internet}},
  booktitle = {Proc. of the 8th Int. Conf. on Networking (ICN'09)},
  year      = {2009},
  isbn      = {978-0-7695-3552-4},
  pages     = {332--341},
  publisher = {IEEE Computer Society},
  address   = {Los Alamitos, CA, USA},
}

@inproceedings{gc-acrsi-01,
  author    = {Gritter, Mark and Cheriton, David R.},
  title     = {{An Architecture for Content Routing Support in the Internet}},
  booktitle = {Proc. USITS'01},
  year      = {2001},
  location  = {San Francisco, California},
  pages     = {4--4},
  publisher = {USENIX Association},
  address   = {Berkeley, CA, USA},
}


@article{kccek-dona-07,
  author    = {Koponen, Teemu and Chawla, Mohit and Chun, Byung-Gon and Ermolinskiy, Andrey and Kim, Kye Hyun and Shenker, Scott and Stoica, Ion},
  title     = {{A Data-Oriented (and beyond) Network Architecture}},
  journal   = {SIGCOMM Computer Communications Review},
  volume    = {37},
  number    = {4},
  pages     = {181--192},
  year      = {2007},
  publisher = {ACM},
  address   = {New York, NY, USA},
}

@inproceedings{jzran-llsps-09,
  author    = {Petri Jokela and Andr\'{a}s Zahemszky and Christian Esteve Rothenberg and Somaya Arianfar and Pekka Nikander},
  title     = {{LIPSIN: Line Speed Publish/Subscribe Inter-networking}},
  booktitle = {Proc. of the ACM SIGCOMM 2009},
  address   = {New York, NY, USA},
  pages     = {195--206},
  year      = {2009},
  publisher = {ACM},
  location  = {Barcelona, Spain},
}

@inproceedings{tts-bbrbn-08,
  author    = {S. Tarkoma and D. Trossen and M. S\"{a}rel\"{a}.},
  title     = {{Black Boxed Rendezvous Based Networking}},
  booktitle = {Proc. of the 3rd Int. Workshop on Mobility in the Evolving Internet Architecture (MobiArch'08)},
  pages     = {67--72},
  year      = {2008},
  publisher = {ACM},
  address   = {New York, NY, USA},
}

@ARTICLE{cwppw-ccrdi-11,
  author={Wei Koong Chai and Ning Wang and Psaras, I. and Pavlou, G. and Chaojiong Wang and de Blas, G.G. and Ramon-Salguero, F.J. and Lei Liang and Spirou, S. and Beben, A. and Hadjioannou, E.},
  journal={Communications Magazine, IEEE},
  title={{CURLING: Content-ubiquitous Resolution and Delivery Infrastructure for Next-generation Services}},
  year={2011},
  volume={49},
  number={3},
  pages={112-120},
}

@inproceedings{rr-sccse-12,
  author    = {Dario Rossi and Giuseppe Rossini},
  title     = {{On Sizing CCN Content Stores by Exploiting Topological Information}},
  booktitle = {INFOCOM Workshops: Nomen Workshop},
  year      = {2012},
  pages     = {280-285},
  publisher = {IEEE},
}

@inproceedings{rr-dicpc-12,
  TITLE = {{A dive into the caching performance of Content Centric Networking}},
  AUTHOR = {Rossini, Giuseppe and Rossi, D.},
  BOOKTITLE = {{IEEE 17th International Workshop on Computer Aided Modeling and Design of Communication Links and Networks (CAMAD'12)}},
  ADDRESS = {Barcelone, Spain},
  PAGES = {105-109},
  YEAR = {2012},
  MONTH = Sep,
}

@inproceedings{pcwp-picin-12,
  author = {Psaras, Ioannis and Chai, Wei Koong and Pavlou, George},
  title = {{Probabilistic In-network Caching for Information-centric Networks}},
  booktitle = {Proc. of the second ICN workshop on Information-centric networking},
  year = {2012},
  location = {Helsinki, Finland},
  pages = {55--60},
  publisher = {ACM},
  address = {New York, NY, USA},
  keywords = {in-network caching, information-centric networking},
}


@inproceedings{enmsn-cpbrc-12,
  author = {Eum, Suyong and Nakauchi, Kiyohide and Murata, Masayuki and Shoji, Yozo and Nishinaga, Nozomu},
  title = {{CATT: Potential Based Routing with Content Caching for ICN}},
  booktitle = {Proc. of the second ICN workshop on Information-centric networking},
  year = {2012},
  location = {Helsinki, Finland},
  pages = {49--54},
  publisher = {ACM},
  address = {New York, NY, USA},
  keywords = {caching, icn (information centric networking), routing},
}


@article{kxp-moain-11,
  author    = {Katsaros, Konstantinos and Xylomenos, George and Polyzos, George C.},
  title     = {{MultiCache: An Overlay Architecture for Information-centric Networking}},
  journal   = {Comput. Netw.},
  volume    = {55},
  number    = {4},
  month     = mar,
  year      = {2011},
  issn      = {1389-1286},
  pages     = {936--947},
  publisher = {Elsevier North-Holland, Inc.},
  address   = {New York, NY, USA},
}

@mastersthesis{l-sscn-11,
  author    = {Tobias Lauinger},
  title     = {{Security \& Scalability of Content-Centric Networking}},
  school    = {TU Darmstadt},
  address   = {Darmstadt, Germany},
  year      = {2010},
}

@techreport{sj-snc-09,
  author = {Diana Smetters and Van Jacobson},
  title = {{Securing network content}},
  institution = {PARC},
  year = {2009},
  month = {Oct.}
}

%% services, applications

@article{mm-nndnt-20,
  author    = {Abderrahmen Mtibaa and Spyridon Mastorakis},
  title     = {{NDNTP: A Named Data Networking Time Protocol}},
  journal   = {IEEE Network},
  year      = {2020},
  month     = {September},
  volume    = {34},
  number    = {6},
  pages     = {235--241},
}

@inproceedings{khokp-rrmii-18,
  author = {Micha\l{} Kr\'{o}l and Karim Habak and David Oran and Dirk Kutscher and Ioannis Psaras},
  title = {{RICE: Remote Method Invocation in ICN}},
  year = {2018},
  isbn = {9781450359597},
  publisher = {ACM},
  address = {New York, NY, USA},
  booktitle = {Proceedings of the 5th ACM Conference on Information-Centric Networking},
  pages = {1--11},
  location = {Boston, Massachusetts},
  series = {ICN '18}
}

@inproceedings{yaszz-ndasd-17,
  author    = {Yingdi Yu and Alexander Afanasyev and Jan Seedorf and Zhiyi Zhang and Lixia Zhang},
  title     = {{NDN DeLorean: an authentication system for data archives in named data networking}},
  booktitle = {4th ACM Conference on Information-Centric Networking},
  series    = {ACM-ICN '17},
  year      = {2017},
  pages     = {11--21},
  location  = {Berlin, Germany},
  publisher = {ACM},
  address   = {New York, NY, USA},
}

@techreport{ks-nrclr-17,
  author = {Randy King and Rod Sugiyama},
  title = {{A New Remote Communications Link to Reduce Residential PV Solar Costs}},
  number = {DE-EE0007592},
  institution = {U.S. Department of Energy Office of Scientific and Technical Information},
  year = {2017},
  howpublished = {url{https://www.osti.gov/biblio/1412534}, last accessed 05-14-2021}},
}

@inproceedings{ajytx-ndlns-17,
  author = {Alexander Afanasyev and Xiaoke Jiang and Yingdi Yu and Jiewen Tan and Yumin Xia and Allison Mankin and Lixia Zhang},
  title = {{NDNS: A DNS-Like Name Service for NDN}},
  booktitle = {Proc. of the 26th IEEE Int. Conf. on Computer Communications and Networks (ICCCN'17)},
  year={2017},
  month={July},
  pages={1-9},
  doi={10.1109/ICCCN.2017.8038461},
  location  = {Vancouver, Canada},
  publisher = {IEEE Press},
  address   = {Piscataway, NJ, USA},
}

@inproceedings{yaccj-stndn-15,
  author = {Yingdi Yu and Alexander Afanasyev and David Clark and kc claffy and Van Jacobson and Lixia Zhang},
  title = {{Schematizing Trust in Named Data Networking}},
  year = {2015},
  isbn = {9781450338554},
  publisher = {ACM},
  address = {New York, NY, USA},
  booktitle = {Proceedings of the 2nd ACM Conference on Information-Centric Networking},
  pages = {177--186},
  location = {San Francisco, California, USA},
  series = {ICN '15}
}

@inproceedings{gb-nrvnd-15,
  author    = {Peter Gusev and Jeff Burke},
  title     = {{NDN-RTC: Real-Time Videoconferencing over Named Data Networking}},
  year      = {2015},
  isbn      = {9781450338554},
  publisher = {ACM},
  address   = {New York, NY, USA},
  booktitle = {Proceedings of the 2nd ACM Conference on Information-Centric Networking},
  pages     = {117--126},
  numpages  = {10},
  location  = {San Francisco, California, USA},
  series    = {ICN '15}
}

@inproceedings{mwz-cpcal-15,
  author = {Ilya Moiseenko and Lijing Wang and Lixia Zhang},
  title = {{Consumer / Producer Communication with Application Level Framing in Named Data Networking}},
  year = {2015},
  isbn = {9781450338554},
  publisher = {ACM},
  address = {New York, NY, USA},
  booktitle = {Proceedings of the 2nd ACM Conference on Information-Centric Networking},
  pages = {99--108},
  location = {San Francisco, California, USA},
  series = {ICN '15}
}

@inproceedings{skst-icncd-14,
  author = {Manolis Sifalakis and Basil Kohler and Christopher Scherb and Christian Tschudin},
  title = {{An Information Centric Network for Computing the Distribution of Computations}},
  year = {2014},
  isbn = {9781450332064},
  publisher = {ACM},
  address = {New York, NY, USA},
  booktitle = {Proceedings of the 1st ACM Conference on Information-Centric Networking},
  pages = {137--146},
  location = {Paris, France},
  series = {ICN '14}
}

@article{ku-ndnii-19,
  author    = {Ritika Kumari and R. L. Ujjwal},
  title     = {{Name Data Networking for Interplanetary Internet: An Architectural Perspective}},
  journal   = {International Journal of Research in Advent Technology},
  volume    = {7},
  number    = {5},
  pages     = {436--441},
  year      = {2019},
  publisher = {MG Aricent Educational Foundation},
}

@inproceedings{lxtzz-allsc-21,
  author    = {Teng Liang and Zhongda Xia and Guoming Tang and Yu Zhang and Beichuan Zhang},
  title     = {{NDN in Large LEO Satellite Constellations: A Case of Consumer Mobility Support}},
  booktitle = {Proceedings of the 8th ACM Conference on Information-Centric Networking},
  numpages  = {12},
  year      = {2021},
  publisher = {ACM},
  address   = {New York, NY, USA},
}

@inproceedings{cgm-ainas-16,
  author    = {Tomaso de Cola and Gustavo Gonzalez and Vicente E. Mujica V},
  title     = {{Applicability of ICN-Based Network Architectures to Satellite-Assisted Emergency Communications}},
  booktitle = {Proc. of Global Communications Conference (GLOBECOM'16)},
  numpages  = {6},
  year      = {2016},
  publisher = {IEEE},
  address   = {Piscataway, NJ, USA},
}

@inproceedings{svpl-inais-12,
  author    = {Vasilios A. Siris and Christopher N. Ververidis and George C. Polyzos and Konstantinos P. Liolis},
  title     = {{Information-Centric Networking (ICN) architectures for integration of satellites into the Future Internet}},
  booktitle = {First AESS European Conference on Satellite Telecommunications (ESTEL'12)},
  numpages  = {6},
  year      = {2012},
  publisher = {IEEE},
  address   = {Piscataway, NJ, USA},
}

@inproceedings{ok-ocsa-12,
  author = {Ott, J\"{o}rg and Kangasharju, Jussi},
  title = {{Opportunistic Content Sharing Applications}},
  booktitle = {Proceedings of the 1st ACM Workshop on Emerging Name-Oriented Mobile Networking Design - Architecture, Algorithms, and Applications},
  series = {NoM '12},
  year = {2012},
  location = {Hilton Head, South Carolina, USA},
  pages = {19--24},
  publisher = {ACM},
  address = {New York, NY, USA},
  keywords = {application programming interface, opportunistic content sharing}
}

@ARTICLE{wlg-iiswh-98,
  author    = {Wetherall, D. and Legedza, D. and Guttag, J.},
  title     = {{Introducing new Internet services: why and how}},
  journal   = {IEEE Network},
  volume    = {12},
  number    = {3},
  pages     = {12--19},
  year      = {1998},
  month     = {May/Jun},
}

@inproceedings{jsbps-voccn-09,
  author    = {Van Jacobson and D.K. Smetters and Nick Briggs and Michael Plass and Paul Stewart},
  title     = {{VoCCN: Voice over Content-Centric Networks}},
  booktitle = {Proc. of the Int Conf. on emerging Networking EXperiments and Technologies (CoNext'09). ReArch Workshop'09 (ReArch'09)},
  year      = {2009},
  month     = dec,
  publisher = {ACM},
  location  = {Rome, Italy},
  pages     = {1--6},
  address   = {New York, NY, USA},
}

@inproceedings{zwyjz-aactn-11,
  author    = {Zhu, Zhenkai and Wang, Sen and Yang, Xu and Jacobson, Van and Zhang, Lixia},
  title     = {{ACT: Audio Conference Tool over Named Data Networking}},
  booktitle = {Proceedings of the ACM SIGCOMM workshop on Information-centric networking},
  series    = {ICN '11},
  year      = {2011},
  location  = {Toronto, Ontario, Canada},
  pages     = {68--73},
  publisher = {ACM},
  address   = {New York, NY, USA},
}

@INPROCEEDINGS{rs-dingn-04,
  author    = {Ramasubramanian, Venugopalan and Sirer, Emin G{\"u}n},
  title     = {{The Design and Implementation of a Next Generation Name Service for the Internet}},
  booktitle = {Proc of the Int. Conf. on Applications, Technologies, Architectures, and Protocols for Comp. Commun. (SIGCOMM'04)},
  year      = {2004},
  pages     = {331--342},
  location  = {Portland, Oregon, USA},
  publisher = {ACM},
  address   = {New York, NY, USA},
}

@inproceedings{cajfr-cecop-11,
  author    = {Jiachen Chen and Mayutan Arumaithurai and Lei Jiao and Xiaoming Fu and Kadangode Ramakrishnan},
  title     = {{COPSS: An Efficient Content Oriented Publish/Subscribe System}},
  booktitle = {ACM/IEEE Symposium on Architectures for Networking and Communications Systems (ANCS'11)},
  month     = oct,
  year      = {2011},
  pages     = {99--110},
  location  = {Brooklyn, NY, USA},
  publisher = {IEEE Computer Society},
  address   = {Los Alamitos, CA, USA},
}

@inproceedings{wbs-uwd-04,
  author    = {Walfish, Michael and Balakrishnan, Hari and Shenker, Scott},
  title     = {{Untangling the Web from DNS}},
  booktitle = {Proc. of NSDI},
  year      = {2004},
  location  = {San Francisco, California},
  publisher = {USENIX Association},
  address   = {Berkeley, CA, USA},
}

@inproceedings{mkkw-skmfs-99,
  author    = {Mazi\`{e}res, David and Kaminsky, Michael and Kaashoek, M. Frans and Witchel, Emmett},
  title     = {{Separating Key Management from File System Security}},
  booktitle = {Proc. of the 17th ACM Symp. on Operating Systems Principles},
  series    = {SOSP '99},
  year      = {1999},
  location  = {Charleston, South Carolina, United States},
  pages     = {124--139},
  publisher = {ACM},
  address   = {New York, NY, USA},
}

@article{yawzz-afndn-12,
  author    = {Cheng Yi and Alexander Afanasyev and Lan Wang and Beichuan Zhang and Lixia Zhang},
  title     = {{Adaptive Forwarding in Named Data Networking}},
  journal   = {SIGCOMM Comput. Commun. Rev.},
  volume    = {42},
  number    = {3},
  pages     = {62--67},
  publisher = {ACM},
  address   = {New York, NY, USA},
  year      = {2012}
}

@inproceedings{gsksr-icnsf-11,
  author    = {Ali Ghodsi and Scott Shenker and Teemu Koponen and Ankit Singla and Barath Raghavan and James Wilcox},
  title     = {{Information-Centric networking: Seeing the Forest for the Trees}},
  booktitle = {Proc. of the 10th ACM HotNets Workshop},
  series    = {HotNets-X},
  year      = {2011},
  publisher = {ACM},
  address   = {New York, NY, USA},
}

@inproceedings{gkrss-nca-11,
  author    = {Ghodsi, Ali and Koponen, Teemu and Rajahalme, Jarno and Sarolahti, Pasi and Shenker, Scott},
  title     = {{Naming in Content-oriented Architectures}},
  booktitle = {Proceedings of the ACM SIGCOMM workshop on Information-centric networking},
  series    = {ICN '11},
  year      = {2011},
  location  = {Toronto, Ontario, Canada},
  pages     = {1--6},
  publisher = {ACM},
  address   = {New York, NY, USA},
}

@misc{ccnx,
  author    = {PARC},
  title     = {{The CCNx Homepage}},
  year      = {2012},
  howpublished = {\url{http://www.ccnx.org/}},
}

@inproceedings{dgoa-snni-10,
  author    = {Christian Dannewitz and Javon Goli{\'o}lic and B{\"o}rje Ohlman and Bengt Ahlgren},
  title     = {{Secure Naming for a Network of Information}},
  booktitle = {Proc. of the IEEE Global Internet Symposium},
  year      = {2010},
  publisher = {IEEE},
  address   = {Piscataway, NJ, USA},
}

@inproceedings{hw-npsss-16,
  author    = {Han, Sungwon and Woo, Honguk},
  booktitle = {2016 IEEE International Conference on Cloud Computing Technology and Science (CloudCom)},
  title     = {{NDN-Based Pub/Sub System for Scalable IoT Cloud}},
  year      = {2016},
  pages     = {488--491},
  location  = {Luxembourg City, Luxembourg},
  publisher = {IEEE},
}

@inproceedings{lsawz-binds-18,
  author={Tianxiang Li and Wentao Shang and Alex Afanasyev and Lan Wang and Lixia Zhang},
  booktitle={MILCOM 2018 - 2018 IEEE Military Communications Conference (MILCOM)},
  title={A Brief Introduction to NDN Dataset Synchronization (NDN Sync)},
  year={2018},
  pages={612-618},
  ISSN={2155-7586},
  month={Oct},
}

%% routing, addressing, namespaces

@article{hgsls-hpcmi-21,
  author    = {Diego Hernandez and Lu{\'i}s Gameiro and Carlos Senna and Miguel Lu{\'i}s and Susana Sargento},
  title     = {{Handling Producer and Consumer Mobility in IoT Publish-Subscribe Named Data Networks}},
  journal   = {IEEE Internet of Things Journal},
  pages     = {868--884},
  volume    = {9},
  number    = {2},
  year      = {2021},
  publisher = {IEEE Press},
  address   = {Piscataway, NJ, USA},
}

@techreport{yzmmz-panbs-21,
  author      = {Tianyuan Yu and Zhiyi Zhang and Xinyu Ma and Philipp Moll and Lixia Zhang},
  title       = {{A Pub/Sub API for NDN-Lite with Built-in Security}},
  number      = {NDN-0071},
  type        = {Technical Report},
  institution = {NDN},
  month       = {Jan.},
  year        = {2021},
  howpublished= {\url{http://named-data.net/techreports.html}},
}

@inproceedings{jckk-nslps-19,
  author    = {Heeyoung Jung and Kangil Choi and Haksuh Kim and Sunme Kim},
  title     = {{A Networking Scheme for Large-Scale Pub/Sub Service over NDN}},
  booktitle = {International Conference on Information and Communication Technology Convergence (ICTC '19)},
  year      = {2019},
  publisher = {IEEE},
  location  = {Jeju, South Korea},
  pages     = {1195-1200},
}

@inproceedings{lhamc-pcspp-19,
  author={Jongdeog Lee and Suk Min Hwang and Tarek Abdelzaher and Kelvin Marcus and Kevin Chan},
  title={Pub/Sub-Sum: A Content Summarization Pub/Sub Protocol for Information-Centric Networks},
  booktitle={MILCOM 2019 - 2019 IEEE Military Communications Conference (MILCOM)},
  pages={847--852},
  month={Nov.},
  year={2019},
}

@article{acgmp-mmapr-18,
  author    = {Jordan Augé and Giovanna Carofiglio and Giulio Grassi and Luca Muscariello and Giovanni Pau and Xuan Zeng},
  title     = {{MAP-Me: Managing Anchor-Less Producer Mobility in Content-Centric Networks}},
  journal   = {IEEE Transactions on Network and Service Management},
  volume    = {15},
  number    = {2},
  pages     = {596--610},
  year      = {2018},
  publisher = {IEEE Press},
  address   = {Piscataway, NJ, USA},
}

@inproceedings{zxmz-kpmsn-18,
  author    = {Yu Zhang and Zhongda Xia and Spyridon Mastorakis and Lixia Zhang},
  title     = {{KITE: Producer Mobility Support in Named Data Networking}},
  booktitle = {Proceedings of the 5th ACM Conference on Information-Centric Networking},
  pages     = {125--136},
  publisher = {ACM},
  address   = {New York, NY, USA},
  month     = {September},
  year      = {2018},
  numpages  = {12},
}

@inproceedings{iy-jorca-17,
  author    = {Ioannidis, Stratis and Yeh, Edmund},
  title     = {{Jointly Optimal Routing and Caching for Arbitrary Network Topologies}},
  booktitle = {4th ACM Conference on Information-Centric Networking},
  series    = {ACM-ICN '17},
  year      = {2017},
  pages     = {77--87},
  publisher = {ACM},
  address   = {New York, NY, USA},
}

@inproceedings{zlw-sndsn-17,
  author    = {Zhang, Minsheng and Lehman, Vince and Wang, Lan},
  title     = {{Scalable name-based data synchronization for named data networking}},
  booktitle = {IEEE INFOCOM'17},
  series    = {INFOCOM '17},
  year      = {2017},
  pages     = {1--9},
  publisher = {IEEE Computer Society},
  address   = {Los Alamitos, CA, USA},
}

@techreport{aywzz-msnr-15,
  author    = {Afanasyev, Alexander and Yi, Cheng and Wang, Lan and Zhang, Beichuan and Zhang, Lixia},
  title     = {{Map-and-Encap for Scaling NDN Rouing}},
  number    = {NDN-0004-2},
  year      = {2015},
  month     = jan,
  institution = {NDN},
  url       = {http://named-data.net/techreport/ndn-0004-2-scaling-ndn-routing.pdf},
}

@techreport{zlw-pespn-16,
  author    = {Zhang, Minsheng and Lehman, Vince and Wang, Lan},
  title     = {{PartialSync: Efficient Synchronization of a Partial Namespace in NDN}},
  number    = {NDN-0039-1},
  year      = {2016},
  month     = jun,
  institution = {NDN},
  url       = {https://named-data.net/wp-content/uploads/2016/06/ndn-0039-1-partial-sync.pdf},
}

@inproceedings{fbc-snibf-15,
  author    = {Fu, Wenliang and Ben Abraham, Hila and Crowley, Patrick},
  title     = {{Synchronizing Namespaces with Invertible Bloom Filters}},
  booktitle = {11th ACM/IEEE Symposium on Architectures for Networking and Communications Systems},
  series    = {ANCS '15},
  year      = {2015},
  pages     = {123--134},
  publisher = {IEEE Computer Society},
}

@inproceedings{hg-nanlr-15,
  author    = {Hemmati, Ehsan and Garcia-Luna-Aceves, J.J.},
  title     = {{A New Approach to Name-Based Link-State Routing for Information-Centric Networks}},
  booktitle = {2Nd ACM Conference on Information-Centric Networking},
  series    = {ACM-ICN '15},
  year      = {2015},
  pages     = {29--38},
  publisher = {ACM},
}

@inproceedings{g-ncric-14,
  author    = {Garcia-Luna-Aceves, J.J.},
  title     = {{Name-based Content Routing in Information Centric Networks Using Distance Information}},
  booktitle = {1st ACM Conference on Information-Centric Networking},
  series    = {ACM-ICN '14},
  year      = {2014},
  pages     = {7--16},
  publisher = {ACM},
}

@article{lgzza-eihrs-16,
  author    = {Vince Lehman and Ashlesh Gawande and Beichuan Zhang and Lixia Zhang and Rodrigo Aldecoa and Dmitri V. Krioukov and Lan Wang},
  title     = {{An Experimental Investigation of Hyperbolic Routing with a Smart Forwarding Plane in {NDN}}},
  journal   = {CoRR},
  volume    = {abs/1611.00403},
  year      = {2016},
}

@inproceedings{hng-gsmcn-12,
  author = {Frederik Hermans and Edith Ngai and Per Gunningberg},
  title = {{Global source mobility in the content-centric networking architecture}},
  booktitle = {Proceedings of the 1st ACM Workshop on Emerging Name-Oriented Mobile Networking Design - Architecture, Algorithms, and Applications},
  series = {NoM '12},
  year = {2012},
  location = {Hilton Head, South Carolina, USA},
  pages = {13--18},
  numpages = {6},
  publisher = {ACM},
  address = {New York, NY, USA},
}

@article{rnv-mrtma-12,
  author = {Dipankar Raychaudhuri and Kiran Nagaraja and Arun Venkataramani},
  title = {{MobilityFirst: a robust and trustworthy mobility-centric architecture for the future internet}},
  journal = {SIGMOBILE Mob. Comput. Commun. Rev.},
  volume = {16},
  number = {3},
  month = {December},
  year = {2012},
  pages = {2--13},
  numpages = {12},
  publisher = {ACM},
}

@inproceedings{jbwll-cpmsn-12,
  author={Xiaoke Jiang and Jun Bi and You Wang and Pingping Lin and Zhaogeng Li},
  title={{A content provider mobility solution of named data networking}},
  booktitle={Proc. of the 20th IEEE International Conference on Network Protocols (ICNP 2013)},
  year={2012},
  pages={1-2},
}

@inproceedings{ldxz-mdlrf-12,
 author = {Liu, Hang and De Foy, Xavier and Zhang, Dan},
 title = {{A Multi-level DHT Routing Framework with Aggregation}},
 series = {ICN '12},
 year = {2012},
 pages = {43--48},
 publisher = {ACM},
}

@inproceedings{lcawf-vvdbr-15,
  author = {Li, Jie and Chen, Jiachen and Arumaithurai, Mayutan and Wang, Xingwei and Fu, Xiaoming},
  title = {{VDR: A Virtual Domain-Based Routing Scheme for CCN}},
  pages = {187--188},
  series = {ICN '15},
  publisher = {ACM},
  year = {2015}
}

@article{zabjc-ndn-14,
 author = {Zhang, Lixia and Afanasyev, Alexander and Burke, Jeffrey and Jacobson, Van and claffy, kc and Crowley, Patrick and Papadopoulos, Christos and Wang, Lan and Zhang, Beichuan},
 title = {{Named Data Networking}},
 journal = {SIGCOMM Comput. Commun. Rev.},
 volume = {44},
 number = {3},
 year = {2014},
 pages = {66--73},
 publisher = {ACM},
}

@inproceedings{bgnt-sieoc-13,
  title={{Securing Instrumented Environments over Content-Centric Networking: the Case of Lighting Control and NDN}},
  author={Burke, Jeff and Gasti, Paolo and Nathan, Naveen and Tsudik, Gene},
  booktitle={Computer Communications Workshops (INFOCOM WKSHPS), 2013 IEEE Conference on},
  pages={394--398},
  year={2013},
  publisher={IEEE},
  address = {Piscataway, NJ, USA},
}


@inproceedings{spp-hrsic-13,
 author = {Saino, Lorenzo and Psaras, Ioannis and Pavlou, George},
 title = {{Hash-routing Schemes for Information Centric Networking}},
 booktitle = {Proceedings of the 3rd ACM SIGCOMM Workshop on Information-centric Networking},
 series = {ICN '13},
 year = {2013},
 pages = {27--32},
 publisher = {ACM},
 address = {New York, NY, USA},
}

@inproceedings{gkrao-dcm-10,
  title={{DTN Communication in a Mine}},
  author={Ginzboorg, Philip and K{\"a}rkk{\"a}inen, Teemu and Ruotsalainen, Aki and Andersson, Mikael and Ott, J{\"o}rg},
  booktitle={2nd Extreme Workshop on Communications},
  month={Sept.},
  year={2010},
  location={Dharamsala, India},
  publisher={ACM},
}


@article{sg-iwip-10,
 author = {Shue, Craig A. and Gupta, Minaxi},
 title = {{An Internet Without the Internet Protocol}},
 journal = {Comput. Netw.},
 volume = {54},
 number = {18},
 year = {2010},
 pages = {3232--3245},
}

@INPROCEEDINGS{a-pn-07,
  author    = {Mark Allman},
  title     = {{Personal Namespaces}},
  booktitle = {Proc. of the 6th ACM Workshop on Hot Topics in Networks (HotNets-VI)},
  year      = {2007},
  publisher = {ACM},
  address   = {New York, NY, USA},
  location  = {Atlanta, Georgia, USA},
}

@inproceedings{sg-pfnbp-07,
  author = {Shue, Craig A. and Gupta, Minaxi},
  title = {{Packet Forwarding: Name-based Vs. Prefix-based}},
  booktitle = {10th IEEE Global Internet Symp.},
  year = {2007}
}

@techreport{fjmrw-aisep-09,
  author    = {Paul Francis and Dan Jen and Dan Massey and Robert Raszuk and Lan Wang and Xiaohu Xu and Beichuan Zhang and Lixia Zhang},
  title     = {{Aggregation with Increasing Scopes: An Evolutionary Path Towards Global Routing Scalability}},
  publisher = {IRTF Routing Research Group},
  year      = {2009},
}

@INPROCEEDINGS{jmymw-tira-08,
  author    = {Dan Jen and Michael Meisel and He Yan and Dan Massey and Lan Wang and Beichuan Zhang and Lixia Zhang},
  title     = {{Towards A New Internet Routing Architecture: Arguments for Separating Edges from Transit Core}},
  booktitle = {Proc. of the 7th ACM Workshop on Hot Topics in Networks (HotNets-VII)},
  year      = {2008},
  publisher = {ACM},
  address   = {New York, NY, USA},
  location  = {Calgary, Alberta, Canada},
}

@article{prh-safndn-15,
  title={{SAF: Stochastic Adaptive Forwarding in Named Data Networking}},
  author={Posch, Daniel and Rainer, Benjamin and Hellwagner, Hermann},
  journal={arXiv preprint arXiv:1505.05259},
  year={2015}
}


@INPROCEEDINGS{v-sorsb-08,
  author    = {Vogt, Christian},
  title     = {{Six/one router: a scalable and backwards compatible solution for provider-independent addressing}},
  booktitle = {Proc. of the 3rd Int. Workshop on Mobility in the Evolving Internet Architecture (MobiArch'08)},
  pages     = {13--18},
  year      = {2008},
  publisher = {ACM},
  address   = {New York, NY, USA},
  location  = {Seattle, WA, USA},
}

@INPROCEEDINGS{y-nira-03,
  author    = {Yang, Xiaowei},
  title     = {{NIRA: a new Internet routing architecture}},
  booktitle = {Proc. of the Workshop on Future Directions in Network Architecture (FDNA'03)},
  year      = {2003},
  pages     = {301--312},
  publisher = {ACM},
  address   = {New York, NY, USA},
  location  = {Karlsruhe, Germany},
}

@article{cckls-rofl-06,
  author    = {Caesar, Matthew and Condie, Tyson and Kannan, Jayanthkumar and Lakshminarayanan, Karthik and Stoica, Ion},
  title     = {{ROFL: routing on flat labels}},
  journal   = {SIGCOMM Computer Communications Review},
  volume    = {36},
  number    = {4},
  pages     = {363--374},
  year      = {2006},
  publisher = {ACM},
  address   = {New York, NY, USA},
}

@inproceedings{scehm-hngir-05,
  author    = {Subramanian, Lakshminarayanan and Caesar, Matthew and Ee, Cheng Tien and Handley, Mark and Mao, Morley and Shenker, Scott and Stoica, Ion},
  title     = {{HLP: a next generation inter-domain routing protocol}},
  booktitle = {Proc. of the Int. Conf. on Applications, Technologies, Architectures, and Protocols for Comp. Commun. (SIGCOMM'05)},
  pages     = {13--24},
  year      = {2005},
  publisher = {ACM},
  address   = {New York, NY, USA},
  location  = {Philadelphia, Pennsylvania, USA},
}

@inproceedings{xr-mmpir-06,
  author    = {Xu, Wen and Rexford, Jennifer},
  title     = {{MIRO: multi-path interdomain routing}},
  booktitle = {Proc. of the Int. Conf. on Applications, Technologies, Architectures, and Protocols for Comp. Commun. (SIGCOMM'06)},
  year      = {2006},
  pages     = {171--182},
  publisher = {ACM},
  address   = {New York, NY, USA},
  location  = {Pisa, Italy},
}

@article{cbfp-fraa-03,
  author    = {Clark, David and Braden, Robert and Falk, Aaron and Pingali, Venkata},
  title     = {{FARA: reorganizing the addressing architecture}},
  journal   = {SIGCOMM Computer Communications Review},
  volume    = {33},
  number    = {4},
  pages     = {313--321},
  year      = {2003},
  publisher = {ACM},
  address   = {New York, NY, USA},
}

@INPROCEEDINGS{jstp-nnc-09,
  author    = {Van Jacobson and Diana K. Smetters and James D. Thornton and Michael F. Plass},
  title     = {{Networking Named Content}},
  booktitle = {5th Int. Conf. on emerging Networking Experiments and Technologies (ACM CoNEXT'09)},
  pages     = {1--12},
  year      = {2009},
  month     = dec,
  publisher = {ACM},
  address   = {New York, NY, USA},
  location  = {Rome},
}

@techreport{zebjt-ndnp-10,
  author    = {Lixia Zhang and Deborah Estrin and Jeffrey Burke and Van Jacobson and James D. Thornton},
  title     = {{Named Data Networking (NDN) Project}},
  number    = {ndn-0001},
  institution = {NDN},
  year      = {2010},
  type      = {Tech.report},
}

@inproceedings{admmd-dcni-08,
  author    = {Ahlgren, Bengt and D'Ambrosio, Matteo and Marchisio, Marco and Marsh, Ian and Dannewitz, Christian and Ohlman, B\"{o}rje and Pentikousis, Kostas and Strandberg, Ove and Rembarz, Ren{\'e} and Vercellone, Vinicio},
  title     = {{Design Considerations for a Network of Information}},
  booktitle = {Proc. of Re-Architecting the Internet Workshop (ReARCH)},
  series    = {ReARCH '08},
  year      = {2008},
  location  = {Madrid, Spain},
  pages     = {66:1--66:6},
  publisher = {ACM},
  address   = {New York, NY, USA},
}

@techreport{a-snad-10,
  author    = {B. Ahlgren and others},
  title     = {{Second NetInf Architecture Description}},
  number    = {D-6.2 v2.0},
  institution = {4Ward EU FP7 Project},
  year      = {2010},
  type      = {Tech.report},
}

@article{adiko-sind-12,
  author    = {Bengt Ahlgren and Christian Dannewitz and Claudio Imbrenda and Dirk Kutscher and B{\"o}rje Ohlman},
  title     = {{A Survey of Information-Centric Networking}},
  journal   = {IEEE Communications Magazine},
  pages     = {26--36},
  volume    = {50},
  number    = {7},
  month     = {July},
  year      = {2012},
}

@techreport{adiko-sind-11,
  author    = {Bengt Ahlgren and Christian Dannewitz and Claudio Imbrenda and Dirk Kutscher and B{\"o}rje Ohlman},
  title     = {{A Survey of Information-Centric Networking (Draft)}},
  number    = {10492},
  institution = {Dagstuhl Seminar Proceedings},
  year      = {2011},
}

@inproceedings{wn-snin-10,
  author    = {Wong, Walter and Nikander, Pekka},
  title     = {{Secure Naming in Information-centric Networks}},
  booktitle = {Proc. of Re-Architecting the Internet Workshop (ReARCH '10)},
  year      = {2010},
  location  = {Philadelphia, Pennsylvania},
  pages     = {12:1--12:6},
  publisher = {ACM},
  address   = {New York, NY, USA},
}

@inproceedings{pv-rcccn-11,
  author    = {Perino, Diego and Varvello, Matteo},
  title     = {{A Reality Check for Content Centric Networking}},
  booktitle = {Proc. of the ACM SIGCOMM WS on Information-centric Networking (ICN '11)},
  year      = {2011},
  location  = {Toronto, Ontario, Canada},
  pages     = {44--49},
  publisher = {ACM},
  address   = {New York, NY, USA},
}

% paper presenting long-lived interests
@inproceedings{cpw-cpsni-11,
 author = {Carzaniga, Antonio and Papalini, Michele and Wolf, Alexander L.},
 title = {{Content-based Publish/Subscribe Networking and Information-centric Networking}},
 booktitle = {Proc. of the ACM SIGCOMM WS on Information-centric Networking (ICN '11)},
 year = {2011},
 location = {Toronto, Ontario, Canada},
 pages = {56--61},
 publisher = {ACM},
 address = {New York, NY, USA},
}


@inproceedings{cafr-gcccig-12,
  author    = {Jiachen Chen and Mayutan Arumaithurai and Xiaoming Fu and K. K. Ramakrishnan},
  title     = {{G-COPSS: A Content Centric Communication Infrastructure for Gaming Applications}},
  booktitle = {Proc. of IEEE ICDCS},
  year      = {2012},
  pages     = {355--365},
  publisher = {IEEE Computer Society},
  address   = {Los Alamitos, CA, USA},
}

@techreport{zbajl-csmco-12,
  author = {Zhenkai Zhu and Chaoyi Bian and Alexander Afanasyev and Van Jacobson and Lixia Zhang},
  title  = {{Chronos: Serverless Multi-User Chat Over NDN}},
  number = {NDN-0008},
  type = {Technical Report},
  institution = {NDN},
  month = {Oct.},
  year = {2012},
}

@inproceedings{za-lcdds-13,
  author={Zhenkai Zhu and Alexander Afanasyev},
  title={{Let's ChronoSync: Decentralized Dataset State Synchronization in Named Data Networking}},
  booktitle={Proc. of the 21st IEEE International Conference on Network Protocols (ICNP 2013)},
  year={2013},
  volume={},
  number={},
  pages={1-10},
  publisher={IEEE},
  address={Piscataway, NJ, USA},
  location={Goettingen, Germany}
}

@inproceedings{haazz-nnlsr-13,
 author = {Hoque, Mahmudul and Amin, Syed Obaid and Alyyan, Adam and Zhang, Beichuan and Zhang, Lixia and Wang, Lan},
 title = {{NLSR: Named-data Link State Routing Protocol}},
 booktitle = {3rd ACM SIGCOMM Workshop on Information-centric Networking},
 series = {ICN '13},
 year = {2013},
 pages = {15--20},
 publisher = {ACM},
 address = {New York, NY, USA},
}

@inproceedings{yaawz-rrndn-14,
   author = {Yi, Cheng and Abraham, Jerald and Afanasyev, Alexander and Wang, Lan and Zhang, Beichuan and Zhang, Lixia},
   title = {{On the Role of Routing in Named Data Networking}},
   booktitle = {Proceedings of the 1st ACM Conference on Information-Centric Networking},
   series = {ACM-ICN '14},
   year = {2014},
   location = {Paris, France},
   pages = {27--36},
   publisher = {ACM},
   address = {New York, NY, USA},
}

@article{xvtsp-cmspi-12,
  author    = {George Xylomenos and Xenofon Vasilakos and Christos Tsilopoulos and Vasilios A. Siris and George C. Polyzos},
  title     = {{Caching and mobility support in a publish-subscribe internet architecture}},
  journal   = {IEEE Communications Magazine},
  year      = {2012},
  volume    = {50},
  number    = {7},
  pages     = {52-58},
  publisher = {IEEE},
}

@techreport{szabw-pcbms-18,
  title={Publish-Subscribe Communication in Building Management Systems over Named Data Networking},
  author={Shang, Wentao and Zhang, Minsheng and Afanasyev, Alexander and Burke, Jeff and Wang, Lan and Zhang, Lixia},
  institution={NDN-Project},
  number = {NDN-0066,},
  year={2018},
  url = {https://named-data.net/wp-content/uploads/2018/10/ndn-tr-0055-1-ndn-ps.pdf},
}

@techreport{al-fmftc-19,
  author      = {Ugaitz Amozarrain and Mikel Larrea},
  title       = {{Full Mobility and Fault Tolerance in Content-Based Publish/Subscribe}},
  institution = {University of the Basque Country UPV/EHU},
  year        = {2019},
  url         = {http://www.sc.ehu.es/acwlaalm/research/EHU-KAT-IK-01-19.pdf},
}

@inproceedings{sgzab-pcbms-19,
  title     = {Publish-Subscribe Communication in Building Management Systems over Named Data Networking},
  author    = {Wentao Shang and Ashlesh Gawande and Minsheng Zhang and Alexander Afanasyev and Jeffrey Burke and Lan Wang and Lixia Zhang},
  booktitle = {2019 28th International Conference on Computer Communication and Networks (ICCCN)},
  year      = {2019},
  pages     = {1-10},
  publisher = {IEEE},
}

@inproceedings{wboks-puscd-15,
 author = {Wang, Liang and Bayhan, Suzan and Ott, J\"{o}rg and Kangasharju, Jussi and Sathiaseelan, Arjuna and Crowcroft, Jon},
 title = {{Pro-Diluvian: Understanding Scoped-Flooding for Content Discovery in Information-Centric Networking}},
 booktitle = {2Nd ACM Conference on Information-Centric Networking},
 series = {ACM-ICN '15},
 year = {2015},
 pages = {9--18},
 publisher = {ACM},
 address = {New York, NY, USA},
}

@article{dl-cconrt-16,
  author    = {Huichen Dai and Bin Liu},
  title     = {{CONSERT: Constructing optimal name-based routing tables}},
  journal   = {Computer Networks},
  volume    = {94},
  pages     = {62-79},
  month     = {Jan.},
  year      = {2016},
}

@INPROCEEDINGS{gm-lfpcn-16,
  author={J. J. Garcia-Luna-Aceves and M. Mirzazad-Barijough},
  booktitle={2016 International Conference on Computing, Networking and Communications (ICNC)},
  title={A light-weight forwarding plane for content-centric networks},
  year={2016},
  pages={1-7},
  month={Feb},
  publisher={IEEE},
}


%% middleware

@inproceedings{pl-icimo-19,
  author    = {Marc-Oliver Pahl and Stefan Liebald},
  title     = {{Information-Centric IoT Middleware Overlay: VSL}},
  booktitle = {Proc. of International Conference on Networked Systems (NetSys '19)},
  year      = {2019},
  pages     = {1--8},
  publisher = {IEEE Press},
  address   = {Piscataway, NJ, USA},
  location  = {Munich, Germany},
}

@article{ys-lntsc-18,
  author    = {Yating Yang and Tian Song},
  title     = {{Local Name Translation for Succinct Communication Towards Named Data Networking of Things}},
  journal   = {IEEE Communications Letters},
  year      = {2018},
  volume    = {22},
  pages     = {2551--2554},
  month     = {Dec.},
}

@inproceedings{gnotw-sfcn-15,
  author    = {Cesar Ghali and Ashok Narayanan and David Oran and Gene Tsudik and Christopher A. Wood},
  title     = {{Secure Fragmentation for Content-Centric Networks}},
  booktitle = {Proc. of the 14th International Symposium on Network Computing and Applications},
  year      = {2015},
  pages     = {47--56},
  publisher = {IEEE Press},
  address   = {Piscataway, NJ, USA},
}

@techreport{v-siadw-09,
  author    = {Christian Vogt},
  title     = {{Simplifying Internet Applications Development With A Name-Based Sockets Interface}},
  type      = {Preliminary paper version},
  institution = {Ericsson},
  year      = {2009},
  month     = {Dec.},
  url       = {http://christianvogt.mailup.net/pub/2009/vogt-2009-name-based-sockets.pdf},
}

@INPROCEEDINGS{wvppv-amsng-08,
  author    = {Walter Wong and Rodolfo Villaca and Luciano Paula and Rafael Pasquini and Fabio L. Verdi and Mauricio F. Magalhaes},
  title     = {{An Architecture for Mobility Support in a Next Generation Internet}},
  booktitle = {Proc of the Int. Conf. on Advanced Information Networking and Applications (AINA'08)},
  pages     = {818--825},
  year      = {2008},
  publisher = {IEEE Computer Society},
  address   = {Los Alamitos, CA, USA},
}

@inproceedings{xzlz-ardaw-18,
  author    = {X. {Xu} and H. {Zhang} and T. {Li} and L. {Zhang}},
  title     = {{Achieving Resilient Data Availability in Wireless Sensor Networks}},
  booktitle = {2018 IEEE International Conference on Communications Workshops (ICC Workshops)},
  pages     = {1-6},
  year      = {2018},
  month     = {May},
  publisher = {IEEE},
  ISSN      = {2474-9133},
}

%% virtualization

@inproceedings{crr-chscs-13,
  author    = {Raffaele Chiocchetti and Dario Rossi and Giuseppe Rossini},
  title     = {{ccnSim: An highly scalable CCN simulator}},
  booktitle = {Proc. of IEEE International Conference on Communications (ICC'13)},
  pages     = {2309--2314},
  year      = {2013},
  publisher = {IEEE},
  address = {Piscataway, NJ, USA},
}

@article{apst-oiitv-04,
  author    = {Thomas Anderson and Larry Peterson and Scott Shenker and Jonathan Turner},
  title     = {{Overcoming the Internet Impasse through Virtualization}},
  booktitle = {Proc. of the 3rd Workshop on Hot Topics in Networks (HotNets-III)},
  volume    = {38},
  number    = {4},
  pages     = {34--41},
  year      = {2004},
  publisher = {IEEE Computer Society},
  address   = {Los Alamitos, CA, USA},
}

@INPROCEEDINGS{twef-via-03,
  author    = {Joe Touch and Y. Wang and L. Eggert and G. Finn},
  title     = {{A Virtual Internet Architecture}},
  booktitle = {Proc. of the Workshop on Future Directions in Network Architecture (FDNA'03)},
  year      = {2003},
  publisher = {ACM},
  address   = {New York, NY, USA},
  location  = {Karlsruhe, Germany},
}

@INPROCEEDINGS{czb-imfnv-09,
  author    = {Chowdhury, N.M.M.K. and Zaheer, F.-E. and Boutaba, R.},
  title     = {{iMark: An Identity Management Framework for Network Virtualization Environment}},
  booktitle = {Proc. of the IEEE Int. Symp. on Integrated Network Management (IM'09)},
  pages     = {335--342},
  year      = {2009},
  month     = {June},
  publisher = {IEEE},
}

@article{fgr-hliys-07,
  author    = {Feamster, Nick and Gao, Lixin and Rexford, Jennifer},
  title     = {{How to lease the Internet in your spare time}},
  journal   = {SIGCOMM Computer Communications Review},
  volume    = {37},
  number    = {1},
  pages     = {61--64},
  year      = {2007},
  publisher = {ACM},
  address   = {New York, NY, USA},
}

%% uncategorized - dont know, unsure

@techreport{aszzm-ndg-21,
  author      = {Alexander Afanasyev and Junxiao Shi and Beichuan Zhang and Lixia Zhang and Ilya Moiseenko and Yingdi Yu and Wentao Shang and Yanbiao Li and Spyridon Mastorakis and Yi Huang and Jerald Paul Abraham and Eric Newberry and Steve DiBenedetto and Chengyu Fan and Christos Papadopoulos and Davide Pesavento and Giulio Grassi and Giovanni Pau and Hang Zhang and Tian Song and Haowei Yuan and Hila Ben Abraham and Patrick Crowley and Syed Obaid Amin and Vince Lehman and Muktadir Chowdhury and and Lan Wang},
  title       = {{NFD Developer's Guide}},
  number      = {NDN-0021},
  type        = {Technical Report},
  institution = {NDN},
  year        = {2021},
  month       = {August},
  url         = {https://named-data.net/publications/techreports/ndn-0021-11-nfd-guide/},
}

@article{pspgb-usiib-17,
  author={G. Piro and S. Signorello and M. R. Palattella and L. A. Grieco and G. Boggia and T. Engel},
  title={{Understanding the social impact of ICN: between myth and reality}},
  journal={{AI \& SOCIETY}},
  year={2017},
  month={Aug.},
  volume={32},
  number={3},
  pages={401--419},
}

@article{as-eiini,
  author={Patrick Kwadwo Agyapong and Marvin Sirbu},
  title={{Economic Incentives in Information-Centric Networking: Implications for Protocol Design and Public Policy}},
  journal={IEEE Communications Magazine},
  year={2012},
  month={Dec.},
  volume={50},
  number={12},
  pages={18-26},
}

@inproceedings{gf-emeac-07,
  author    = {Guha, Saikat and Francis, Paul},
  title     = {{An End-Middle-End Approach to Connection Establishment}},
  booktitle = {Proc. of the Int. Conf. on Applications, technologies, architectures, and protocols for Comp. Commun. (SIGCOMM'07)},
  pages     = {193--204},
  year      = {2007},
  publisher = {ACM},
  address   = {New York, NY, USA},
  location  = {Kyoto, Japan},
}

@inproceedings{wskbm-mnlch-04,
  author    = {Michael Walfish and Jeremy Stribling and Maxwell Krohn and Hari Balakrishnan and Robert Morris and Scott Shenker},
  title     = {{Middleboxes No Longer Considered Harmful}},
  booktitle = {Proc. of the 6th Symp. on Operating Systems Design and Implementation (USENIX OSDI'04)},
  pages     = {215--230},
  year      = {2004},
  month     = {Dec.},
  publisher = {Usenix},
  location  = {San Francisco, CA},
}

@inproceedings{s-dsd-03,
  author    = {Sollins, Karen R.},
  title     = {{Designing for Scale and Differentiation}},
  booktitle = {Proc. of the Workshop on Future Directions in Network Architecture (FDNA'03)},
  pages     = {267--276},
  year      = {2003},
  publisher = {ACM},
  address   = {New York, NY, USA},
  location  = {Karlsruhe, Germany},
}

@inproceedings{bcrrs-obd-05,
  author    = {Hitesh Ballani and Yatin Chawathe and Sylvia Ratnasamy and Timothy Roscoe and Scott Shenker},
  title     = {{Off by Default!}},
  booktitle = {Proc. of the 4th ACM Workshop on Hot Topics in Networks (HotNets-IV)},
  year      = {2005},
  month     = nov,
  publisher = {ACM},
  address   = {New York, NY, USA},
  location  = {College Park, Maryland},
}

@article{tvc-aeias-03,
  author    = {Tur{\'a}nyi, Zolt{\'a}n and Valk{\'o}, Andr{\'a}s and Campbell, Andrew T.},
  title     = {{4+4: an architecture for evolving the Internet address space back toward transparency}},
  journal   = {SIGCOMM Computer Communications Review},
  volume    = {33},
  number    = {5},
  pages     = {43--54},
  year      = {2003},
  publisher = {ACM},
  address   = {New York, NY, USA},
}

@article{tg-np-03,
  author    = {Tschudin, Christian and Gold, Richard},
  title     = {{Network Pointers}},
  journal   = {SIGCOMM Computer Communications Review},
  volume    = {33},
  number    = {1},
  pages     = {23--28},
  year      = {2003},
  publisher = {ACM},
  address   = {New York, NY, USA},
}

@INPROCEEDINGS{gw-dnsa-07,
  author    = {Sivakumar Ganapathy and Tilman Wolf},
  title     = {{Design of a Network Service Architecture}},
  booktitle = {Proc. of the 16th IEEE Int. Conf. on Computer Communications and Networks (ICCCN'07)},
  pages     = {754--759},
  year      = {2007},
  month     = aug,
  publisher = {IEEE Press},
  address   = {Piscataway, NJ, USA},
  location  = {Honolulu, HI, USA},
}

@article{bc-rdiee-01,
  author    = {Blumenthal, Marjory S. and Clark, David D.},
  title     = {{Rethinking the Design of the Internet: the end-to-end Arguments vs. the brave new World}},
  journal   = {ACM Transactions on Internet Technology},
  volume    = {1},
  number    = {1},
  pages     = {70--109},
  year      = {2001},
  publisher = {ACM},
  address   = {New York, NY, USA},
}

@inproceedings{w-sceea-06,
  author    = {Wolf, T.},
  title     = {{Service-centric end-to-end Abstractions in Next-Generation Networks}},
  booktitle = {Proc. of the 15th IEEE Int. Conf. on Computer Communications and Networks (ICCCN'06)},
  pages     = {79--86},
  year      = {2006},
  month     = oct,
  publisher = {IEEE Press},
  address   = {Piscataway, NJ, USA},
  location  = {Arlington, Virginia, USA},
}

@conference{khmbj-saeps-08,
  author    = {Keller, A. and Hossmann, T. and May, M. and Bouabene, G. and Jelger, C. and Tschudin, C.},
  title     = {{A System Architecture for Evolving Protocol Stacks}},
  booktitle = {Proc. of the 17th Int. Conf. on Computer Communications and Networks (ICCCN)},
  year      = {2008},
  month     = aug,
  publisher = {IEEE Press},
  address   = {Piscataway, NJ, USA},
  location  = {St. Thomas, Virgin Islands, USA},
  note      = {Invite Paper},
}

@incollection{fmg-psisa-11,
  author    = {Nikos Fotiou and Giannis F. Marias and George C. Polyzos},
  title     = {{Publish--Subscribe Internetworking Security Aspects}},
  booktitle = {Trustworthy Internet},
  editor    = {Nicola Blefari--Melazii and Giuseppe Bianchi and Luca Salgarelli},
  pages     = {3--15},
  year      = {2011},
  address   = {Heidelberg},
  publisher = {Springer}
}

@inproceedings{cgm-jhric-12,
  author    = {Carofiglio, Giovanna and Gallo, Massimo and Muscariello, Luca},
  title     = {{Joint Hop-by-hop and Receiver-Driven Interest Control Protocol for Content-Centric Networks}},
  booktitle = {Proc. of the 2nd edition of the ICN workshop on Information-centric networking},
  series    = {ICN '12},
  year      = {2012},
  location  = {Helsinki, Finland},
  pages     = {37--42},
  publisher = {ACM},
  address   = {New York, NY, USA},
}

@inproceedings{saz-dinps-16,
  author    = {Wenato Shang and Alex Afanasyev and Lixia Zhang},
  title     = {{The Design and Implementation of the NDN Protocol Stack for RIOT-OS}},
  booktitle = {Proc. of IEEE GLOBECOM 2016},
  year      = {2016},
  pages     = {1--6},
  publisher = {IEEE},
  address   = {Washington, DC, USA},
}

@misc{ccn-lite,
  author = {Christian Tschudin and Christopher Scherb and others},
  title = {{CCN Lite: Lightweight implementation of the Content Centric Networking protocol}},
  year=2018,
  url={http://ccn-lite.net},
}


@inproceedings{alw-defsc-16,
  title={{Demo: Experimental Feasibility Study of CCN-lite on Contiki Motes for IoT Data Streams}},
  author={Ahlgren, Bengt and Lindgren, Anders and Wu, Yanqiu},
  booktitle={Proceedings of the 2016 conference on 3rd ACM Conference on Information-Centric Networking},
  pages={221--222},
  year={2016},
  publisher={ACM},
  address = {New York, NY, USA},
}

@inproceedings{caamr-uisfb-18,
 author = {Chakraborti, Asit and Amin, Syed Obaid and Azgin, Aytac and Misra, Satyajayant and Ravindran, Ravishankar},
 title = {{Using ICN Slicing Framework to Build an IoT Edge Network}},
 booktitle = {Proceedings of the 5th ACM Conference on Information-Centric Networking},
 series = {ICN '18},
 year = {2018},
 location = {Boston, Massachusetts},
 pages = {214--215},
 publisher = {ACM},
 address = {New York, NY, USA},
}

@misc{i3-project,
  title = {{I3: Information Centric Networking for the Industrial Internet}},
  year=2017,
  url={http://i3.realmv6.org/},
}
