@inproceedings{dc-prlsm-10,
  author = {D\'{a}n, Gy\"{o}rgy and Carlsson, Niklas},
  title = {{Power-law Revisited: Large Scale Measurement Study of P2P Content Popularity}},
  booktitle = {Proceedings of the 9th International Conference on Peer-to-peer Systems},
  series = {IPTPS'10},
  year = {2010},
  pages = {12--12},
  publisher = {USENIX Association},
  address = {Berkeley, CA, USA},
} 

@inproceedings{peks-tcaps-07,
  title = {{Towards a Common API for Publish/Subscribe}},
  author = {Peter Pietzuch and David Eyes and Samuel Kounev and Brian Shand},
  booktitle = {{Proc. of the Inaugural International Conference on Distributed Event-based Systems (DEBS'07)}},
  year = {2007},
  pages = {152--157}
}

@inproceedings{bs-asptp-06,
  title = {{An Analysis of the Skype Peer-to-Peer Internet Telephony Protocol}},
  author = {S.A. Baset and H.G. Schulzrinne},
  booktitle = {Proc. of the 25th Conference on Computer Communications (INFOCOM'06)},
  year = {2006}
}

@inproceedings{ub-ccmmo-02,
  title={{A Congestion Control Model for Multicast Overlay Networks and its Performance}},
  author={Guillaume Urvoy-Keller and Ernst Biersack},
  booktitle={Proc. of 4th International Workshop on Networked Group Communication (NGC'02)},
  year={2002}
}

@inproceedings{zjz-hmfdm-02,
  author = {Beichuan Zhang and Sugih Jamin and Lixia Zhang},
  title = {{Host Multicast: A Framework for Delivering Multicast To End Users}},
  booktitle = {Proc. of the 21st Conference of the IEEE Computer and Communications Societies (INFOCOM'02)},
  year = {2002},
  pages = {1366--1375},
  publisher = {IEEE Press},
  address = {Piscataway, NJ, USA},
}

@inproceedings{psvw-aalmi-01,
 author = {Dimitrios Pendarakis and Sherlia Shi and Dinesh Verma and Marcel Waldvogel},
 title = {{ALMI: An Application Level Multicast Infrastructure}},
 booktitle = {Proc. of the 3rd Conference on USENIX Symposium on Internet Technologies and Systems (USITS'01)},
 year = {2001},
 pages = {49--60},
 numpages = {11},
 publisher = {USENIX Association},
 address = {Berkeley, CA, USA},
} 

@inproceedings{dhjkl-dahaks-07,
 author = {Giuseppe DeCandia and Deniz Hastorun and Madan Jampani and Gunavardhan Kakulapati and Avinash Lakshman and Alex Pilchin  and Swaminathan Sivasubramanian and Peter Vosshall and Werner Vogels},
 title = {{Dynamo: Amazon's Highly Available Key-value Store}},
 booktitle = {Proc. of the 21th ACM Symposium on Operating Systems Principles (SIGOPS'07)},
 year = {2007},
 pages = {205--220},
 publisher = {ACM},
 address = {New York, NY, USA},
}

@inproceedings{skvvu-hpss-13,
 author = {Setty, Vinay and Kreitz, Gunnar and Vitenberg, Roman and van Steen, Maarten and Urdaneta, Guido and Gim{\aa}ker, Staffan},
 title = {{The Hidden Pub/Sub of Spotify: (Industry Article)}},
 booktitle = {Proc. of the 7th ACM International Conference on Distributed Event-based Systems (DEBS'13)},
 year = {2013},
 location = {Arlington, Texas, USA},
 pages = {231--240},
 publisher = {ACM},
 address = {New York, NY, USA},
}

@INPROCEEDINGS{kn-slsll-10, 
  author    = {Kreitz, Gunnar and Niemel{\"{a}}, Fredrik}, 
  booktitle = {Proc. of the 10th IEEE International Conference on Peer-to-Peer Computing (P2P'10)},
  title     = {{Spotify -- Large Scale, Low Latency, P2P Music-on-Demand Streaming}}, 
  year      = {2010}, 
  month     = {Aug}, 
}

@inproceedings{mprwd-psrcms-03,
 author    = {Mislove, Alan and Post, Ansley and Reis, Charles and Willmann, Paul and Druschel, Peter and Wallach, Dan S. and Bonnaire, Xavier and Sens, Pierre and Busca, Jean-Michel and Arantes-Bezerra, Luciana},
 title     = {{POST: A Secure, Resilient, Cooperative Messaging System}},
 booktitle = {Proceedings of the 9th Conference on Hot Topics in Operating Systems - Volume 9},
 series    = {HOTOS'03},
 year      = {2003},
 location  = {Lihue, Hawaii},
 pages     = {11--11},
 numpages  = {1},
 url       = {http://dl.acm.org/citation.cfm?id=1251054.1251065},
 acmid     = {1251065},
 publisher = {USENIX Association},
 address   = {Berkeley, CA, USA},
}

@article{carb-gmi-11,
 author    = {Callahan, Tom and Allman, Mark and Rabinovich, Michael and Bell, Owen},
 title     = {{On Grappling with Meta-information in the Internet}},
 journal   = {SIGCOMM Comput. Commun. Rev.},
 volume    = {41},
 number    = {5},
 month     = oct,
 year      = {2011},
 issn      = {0146-4833},
 pages     = {13--23},
 numpages  = {11},
 publisher = {ACM},
 address   = {New York, NY, USA},
}

@inproceedings{mz-upns-13,
  author    = {Marques, R. and Zuquete, A.},
  title     = {{User-Centric, Private Networks of Services}},
  booktitle = {2013 International Conference on Smart Communications in Network Technologies (SaCoNeT)},
  year      = {2013},
  month     = {June},
  volume    = {01},
  pages     = {1-5},
}

@inproceedings{bhhb-oaon-12,
  author    = {Baumgart, I. and Heep, B. and Hubsch, C. and Brocco, A.},
  title     = {{OverArch: A common architecture for structured and unstructured overlay networks}},
  booktitle = {2012 IEEE Conference on Computer Communications Workshops (INFOCOM WKSHPS)},
  year      = {2012},
  pages     = {19--24},
}

@inproceedings{tkf-gedsn-11,
  author    = {Florian Tegeler and David Koll and Xiaoming Fu},
  title     = {{Gemstone: Empowering Decentralized Social Networking with High Data Availability}},
  booktitle = {Proc. of the IEEE GLOBECOM'11},
  year      = {2011},
  publisher = {IEEE Press},
  address   = {Piscataway, NJ, USA},
} 

@inproceedings{sr-ucpn-06,
  author    = {Daniel Stutzbach and Reza Rejaie},
  title     = {{Understanding Churn in Peer-to-Peer Networks}},
  booktitle = {Proc. of the 6th ACM SIGCOMM IMC},
  year      = {2006},
  pages     = {189--202},
  publisher = {ACM},
  address   = {New York, NY, USA},
} 

@inproceedings{lrlz-ocpiv-08,
  author    = {Jiangchuan Liu and Sanjay G. Rao and Bo Li and Hui Zhang},
  title     = {{Opportunities and Challenges of Peer-to-Peer Internet Video Broadcast}},
  journal   = {Proceedings of the IEEE},
  pages     = {11--24},
  year      = {2008},
  month     = jan,
  volume    = {96},
  number    = {1},
}

@inproceedings{akc-ossau-09,
 author = {Abeni, Luca and Kiraly, Csaba and Lo Cigno, Renato},
 title = {{On the Optimal Scheduling of Streaming Applications in Unstructured Meshes}},
 booktitle = {Proc. of the 8th Intern. IFIP Networking Conference},
 series = {LNCS},
 year = {2009},
 location = {Aachen, Germany},
 pages = {117--130},
 number = 5550,
 publisher = {Springer-Verlag},
 address = {Berlin, Heidelberg},
} 

@inproceedings{l-mdpvs-07,
 author = {Liu, Yong},
 title = {{On the Minimum Delay Peer-to-Peer Video Streaming: How Realtime can it be?}},
 booktitle = {Proc. of the 15th intern. conf. on Multimedia},
 series = {MULTIMEDIA '07},
 year = {2007},
 location = {Augsburg, Germany},
 pages = {127--136},
 publisher = {ACM},
 address = {New York, NY, USA},
}

@ARTICLE{zzsy-uppsp-07,
  author={Meng Zhang and Qian Zhang and Lifeng Sun and Shiqiang Yang},
  journal={IEEE JSAC},
  title={{Understanding the Power of Pull-Based Streaming Protocol: Can We Do Better?}},
  year={2007},
  month={december},
  volume={25},
  number={9},
  pages={1678--1694},
}

@article{ccb-sgppe-08,
 author = {Carra, Damiano and Lo Cigno, Renato and Biersack, Ernst W.},
 title = {{Stochastic Graph Processes for Performance Evaluation of Content Delivery Applications in Overlay Networks}},
 journal = {IEEE Trans. Parallel Distrib. Syst.},
 volume = {19},
 number = {2},
 month = {February},
 year = {2008},
 pages = {247--261},
 publisher = {IEEE Press},
 address = {Piscataway, NJ, USA},
}

@inproceedings{mh-lpssv-10,
 author = {Mirshokraie, Shabnam and Hefeeda, Mohamed},
 title = {{Live Peer-to-Peer Streaming with Scalable Video Coding and Networking Coding}},
 booktitle = {Proc. of the first annual ACM SIGMM conference on Multimedia systems},
 series = {MMSys '10},
 year = {2010},
 location = {Phoenix, Arizona, USA},
 pages = {123--132},
 publisher = {ACM},
 address = {New York, NY, USA},
}


@inproceedings{gbf-mbtom-04,
  author = {Luis Garc{\'e}s-Erice and Ernst W. Biersack and Pascal A. Felber},
  title = {{MULTI+: Building Topology-Aware Overlay Multicast Trees}},
  booktitle = {Quality of Service in the Emerging Networking Panorama
  (Proc. of QofIS'04)},
  editor = {Josep Sol{\'e}-Pareta and Michael Smirnov and Piet Van Mieghem and Jordi Domingo-Pascual and Edmundo Monteiro and Peter Reichl and Burkhard Stiller and Richard J. Gibbens},
  pages = {11--20},
  series = {LNCS},
  volume = {3266},
  address = {Berlin Heidelberg},
  publisher = {Springer--Verlag},
  year = 2004
}

@inproceedings{cih-itbia-07,
  author = {Lechang Cheng and Mabo R. Ito and Norm Hutchinson},
  title = {{Internet Topology Based Identifier Assignment for Tree-based DHTs}},
  booktitle = {New Technologies, Mobility and Security (Proc. of IFIP NTMS'07)},
  editor = {Houda Labiod and Mohamad Badra},
  pages = {607--616},
  year = {2007},
  address = {Dordrecht, Netherlands},
  publisher = {Springer}
}

@inproceedings{gcxtd-mambs-05,
  author = {Guo, Lei and Chen, Songqing and Xiao, Zhen and Tan, Enhua and Ding, Xiaoning and Zhang, Xiaodong},
  title = {{Measurements, Analysis, and Modeling of BitTorrent-like Systems}},
  booktitle = {Pro. of 5th ACM SIGCOMM conference on Internet Measurement (IMC)},
  year = {2005},
  location = {Berkeley, CA},
  pages = {4--4},
  numpages = {1},
  publisher = {USENIX Association},
  address = {Berkeley, CA, USA},
}


@inproceedings{lzgt-iboru-04,
  author = {Yong Liu and Honggang Zhang and Weibo Gong and Donald F. Towsley},
  title = {{On the Interaction Between Overlay Routing and Underlay Routing}},
  booktitle = {Proceedings of the 24th Annual Conference of
  the IEEE Computer and Communications Societies (Infocom 2004)},
  year = {2004},
  pages = {2543--2553},
  publisher = {IEEE Computer Society},
  address = {Washington, DC, USA}
}

@inproceedings{ssw-asiip-04,
  author = {Subhabrata Sen and Oliver Spatscheck and Dongmei Wang},
  title = {{Accurate, Scalable In-Network Identification of P2P Traffic Using Application Signatures}},
  booktitle = {Proceedings of the 13th international conference on World Wide Web (WWW'04)},
  pages = {512--521},
  year = {2004},
  publisher = {ACM},
  address = {New York, NY, USA}
}

@misc{oversim,
  author = "Ingmar Baumgart and Bernhard Heep and Stephan Krause and
  Sebastian Mies",
  title = "{The OverSim P2P Simulator}",
  year = "2008",
  howpublished = "http://www.oversim.org"
}

@misc{smoothit,
  author = "Burkhard Stiller and others",
  title = "{SmoothIT: Simple Economic Management Approaches of Overlay Traffic in Heterogeneous Internet Topologies}",
  year = "2009",
  howpublished = "http://www.smoothit.org"
}

@article{ghrtm-sralt-09,
  author = {Vijay K. Gurbani and Volker Hilt and Ivica Rimac and Marco Tomsu},
  title = {{A Survey of Research on the Application-Layer Traffic
  Optimization Problem and the Need for Layer Cooperation}},
  journal = {IEEE Communications Magazine},
  pages = {107--112},
  volume = {47},
  number = {8},
  month = aug,
  year = {2009},
}

@inproceedings{grbfk-tls-03,
  author = {L. Garc{\'e}s-Erice and K.W. Ross and E.W. Biersack and P.A. Felber and G. Urvoy-Keller},
  title = {{Topology-Centric Look-Up Service}},
  booktitle = {Group Communications and Charges. Technologies and Business
  Modells. 5th COST 264 International Workshop on Networked Group
  Communications, NGC 2003 and 3rd International Workshop on Internet
  Charging and QoS Technologies, ICQT 2003},
  editor = {Burkhard Stiller and Georg Carle and Martin Karsten and Peter Reichl},
  pages = {58--69},
  series = {LNCS},
  volume = {2816},
  address = {Berlin Heidelberg},
  publisher = {Springer--Verlag},
  year = 2003
}

@inproceedings{ppk-pbpon-08,
  author = {Kunwoo Park and Sangheon Pack and Taekyoung Kwon},
  title = {{Proximity Based Peer-to-Peer Overlay Networks (P3ON) with Load Distribution}},
  booktitle = {Information Networking. Towards Ubiquitous Networking and Services},
  editor = {Teresa Vaz{\~a}o and M{\'a}rio M. Freire and Ilyoung Chong},
  pages = {234--243},
  series = {LNCS},
  volume = {5200},
  address = {Berlin Heidelberg},
  publisher = {Springer--Verlag},
  year = 2008,
  note = {Revised Selected Papers ICOIN 2007}
}

@inproceedings{xykls-pppa-08,
  author = {Haiyong Xie and Y. Richard Yang and Arvind Krishnamurthy and Yanbin Grace Liu and Abraham Silberschatz},
  title = {{P4P: Provider Portal for Applications}},
  booktitle = {Proceedings of the ACM SIGCOMM 2008 conference on Data communication},
  pages = {351--362},
  year = {2008},
  publisher = {ACM},
  address = {New York, NY, USA}
}

@article{afs-iucip-07,
  author = {Vinay Aggarwal and Anja Feldmann and Christian Scheideler},
  title = {{Can ISPs and P2P users cooperate for improved performance?}},
  journal = {SIGCOMM Comput. Commun. Rev.},
  pages = {29--40},
  volume = {37},
  number = {3},
  year = {2007},
  publisher = {ACM},
  address = {New York, NY, USA}
}

@inproceedings{hhldp-dipaa-09,
  author = {Sing Wang Ho and Thom Haddow and Jonathan Ledlie and Moez Draief and Peter Pietzuch},
  title = {{Deconstructing Internet Paths: An Overlay for AS-Level Detour Route Discovery}},
  booktitle = {8th International Workshop on Peer--to--Peer Systems (IPTPS'09)},
  year = {2009},
  publisher = {USENIX},
  address = {Berkely, CA, USA}
}

@article{saabc-diirt-99,
  author = {Stefan Savage and Thomas Anderson and Amit Aggarwal and David Becker and Neal Cardwell and Andy Collins and Eric Hoffman and John Snell and Amin Vahdat and Geoff Voelker and John Zahorjan},
  title = {{Detour: Informed Internet Routing and Transport}},
  journal = {IEEE Micro},
  volume = {19},
  number = {1},
  month = {January--February},
  year = {1999},
  pages = {50--59},
  publisher = {IEEE Press},
  address = {Piscataway, NJ, USA}
}

@techreport{c-cbfca-08,
  author = "Comcast",
  title = "{Comcast and BitTorrent Form Collaboration to Address Network Management, Network Architecture and Content Distribution}",
  institution = "Comcast",
  type = {Press Release},
  number =  "03/27/08",
  address = {Philadelphia, PA},
  month = "March",
  year = "2008",
  url = {http://www.comcast.com/About/PressRelease/PressReleaseDetail.ashx?PRID=740}
}

@article{smlkk-csplp-03,
  author = {Ion Stoica and Robert Morris and David Liben-Nowell and David
  R. Karger and M. Frans Kaashoek and Frank Dabek and Hari Balakrishnan},
  title = {{Chord: A Scalable Peer-to-Peer Lookup Protocol for Internet
  Applications}},
  journal = {IEEE/ACM Trans. Netw.},
  volume = {11},
  number = {1},
  year = {2003},
  pages = {17--32},
  publisher = {IEEE Press},
  address = {Piscataway, NJ, USA}
}

@inproceedings{prr-ancro-97,
 author = {Plaxton, C. Greg and Rajaraman, Rajmohan and Richa, Andr\'{e}a W.},
 title = "{Accessing Nearby Copies of Replicated Objects in a Distributed Environment}",
 booktitle = {SPAA '97: Proceedings of the ninth annual ACM symposium on Parallel algorithms and architectures},
 year = {1997},
 isbn = {0-89791-890-8},
 pages = {311--320},
 location = {Newport, Rhode Island, United States},
 doi = {http://doi.acm.org/10.1145/258492.258523},
 publisher = {ACM},
 address = {New York, NY, USA},
 }


@inproceedings{smkkb-cspls-01,
  author = {Ion Stoica and Robert Morris and David Karger and M. Frans Kaashoek and Hari Balakrishnan},
  title = {{Chord: A scalable peer-to-peer lookup service for internet
  applications}},
  booktitle = {SIGCOMM '01: Proceedings of the 2001 conference on
  Applications, technologies, architectures, and protocols for computer
  communications},
  year = {2001},
  pages = {149--160},
  publisher = {ACM Press},
  address = {New York, NY, USA}
}

@inproceedings{rd-psdol-01,
  author = {Antony Rowstron and Peter Druschel},
  title = {{Pastry: Scalable, distributed object location and routing for
  large-scale peer-to-peer systems}},
  booktitle = {IFIP/ACM International Conference on Distributed Systems
  Platforms (Middleware)},
  pages = {329--350},
  series = {LNCS},
  volume = {2218},
  address = {Berlin Heidelberg},
  publisher = {Springer--Verlag},
  month = nov,
  year = 2001
}

@inproceedings{bmb-simsu-07,
 author = "Marc Brogle and Dragan Milic and Torsten Braun",
 title = "{Supporting IP Multicast Streaming Using Overlay Networks}",
 booktitle = "QShine: Intern. Conf. on Heterogeneous Networking for Quality, Reliability, Security and Robustness" , 
 address = "Vancouver, British Columbia, Canada",
 month = "August", 
 year =  2007, 
 publisher = "ICST", 
}

@article{sazss-iii-04,
 author = {Stoica,, Ion and Adkins,, Daniel and Zhuang,, Shelley and Shenker,, Scott and Surana,, Sonesh},
 title = {Internet indirection infrastructure},
 journal = {IEEE/ACM Trans. Netw.},
 volume = {12},
 number = {2},
 year = {2004},
 issn = {1063-6692},
 pages = {205--218},
 doi = {http://dx.doi.org/10.1109/TNET.2004.826279},
 publisher = {IEEE Press},
 address = {Piscataway, NJ, USA},
 }


@inproceedings{ht-daalm-04,
  author = {Sugata Hazarika and Don Towsley},
  title = {{Delay Analysis of Application Level Multicast on Content Addressable Networks}},
  pages = {1271--1277},
  booktitle = {Proceedings of Globecom 2004},
  year = {2004},
  address = {Dallas, TX},
  publisher = {IEEE Comm. Soc.}
}

@incollection{csw-msvc-05,
  author = {Kostas Katrinis and Martin May},
  title = {{Application--Layer Multicast}},
  booktitle = {Peer--to--Peer Systems and Applications},
  editor = {Ralf Steinmetz and Klaus Wehrle},
  year = {2005},
  pages = {157--170},
  chapter = {11},
  series = {LNCS},
  volume = {3485},
  address = {Berlin Heidelberg},
  publisher = {Springer--Verlag}
}

@inproceedings{zh-bhpsa-03,
  author = {Rongmei Zhang and Y. Charlie Hu},
  title = {Borg: a hybrid protocol for scalable application-level multicast in peer-to-peer networks},
  booktitle = {NOSSDAV '03: Proceedings of the 13th international workshop on Network and operating systems support for digital audio and video},
  year = {2003},
  isbn = {1-58113-694-3},
  pages = {172--179},
  location = {Monterey, CA, USA},
  doi = {http://doi.acm.org/10.1145/776322.776349},
  publisher = {ACM Press},
  address = {New York, NY, USA},
}

@inproceedings{bbk-salm-02,
  author = {Suman Banerjee and Bobby Bhattacharjee and Christopher Kommareddy},
  title = "{Scalable Application Layer Multicast}",
booktitle = {Proc. of SIGCOMM '02},  
  year = {2002},
  pages = {205--217},
  doi = {http://doi.acm.org/10.1145/964725.633045},
  publisher = {ACM Press},
  address = {New York, NY, USA},
}
@article{bbk-salm-02a,
  author = {Suman Banerjee and Bobby Bhattacharjee and Christopher Kommareddy},
  title = "{Scalable Application Layer Multicast}",
  journal = {SIGCOMM Comput. Commun. Rev.},
  volume = {32},
  number = {4},
  year = {2002},
  issn = {0146-4833},
  pages = {205--217},
  doi = {http://doi.acm.org/10.1145/964725.633045},
  publisher = {ACM Press},
  address = {New York, NY, USA},
}

@article{cdkr-slsda-02,
  author = {Miguel Castro and Peter Druschel and Anne-Marie Kermarrec and
  Antony Rowstron},
  title = {{SCRIBE: A large-scale and decentralized application-level
  multicast infrastructure}},
  pages = {100--110},
  journal = {IEEE Journal on Selected Areas in Communications},
  volume = {20},
  number = {8},
  year = {2002}
}

@inproceedings{rkcd-sdlse-01,
  author = {Antony Rowstron and Anne-Marie Kermarrec and Miguel Castro and
  Peter Druschel},
  title = {{Scribe: The Design of a Large-Scale and Event Notification
  Infrastructure}},
  pages = {30--43},
  booktitle = {Networked Group Communication. Third International COST264
  Workshop, NGC 2001. Proceedings},
  editor = {Jon Crowcroft and Markus Hofmann},
  volume = {2233},
  series = {LNCS},
  year = {2001},
  address = {Berlin Heidelberg},
  publisher = {Springer--Verlag}
}

@inproceedings{cdknrs-shcdc-03,
  author = {Miguel Castro and Peter Druschel and Anne-Marie Kermarrec and
  Animesh Nandi and Antony I. T. Rowstron and Atul Singh},
  title = {{SplitStream: High-Bandwidth Content Distribution in Cooperative
  Environments}},
  pages = {292-303},
  booktitle = {Peer-to-Peer Systems II. Second International Workshop,
  IPTPS 2003 Berkeley, CA, USA, February 21-22, 2003 Revised Papers},
  editor = {M. Frans Kaashoek and Ion Stoica},
  series = {LNCS},
  volume = {2735},
  year = {2003},
  address = {Berlin Heidelberg},
  publisher = {Springer--Verlag}
}

@inproceedings{cjkrt-esalm-03,
  author = {Miguel Castro and Michael B. Jones and Anne-Marie Kermarrec and
  Antony Rowstron and Marvin Theimer and Helen Wang and Alec Wolman},
  title = {{An Evaluation of Scalable Application-level Multicast Built Using Peer-to-peer Overlays}},
  booktitle = {Proceedings of the Twenty-Second Annual Joint Conference of
  the IEEE Computer and Communications Societies (Infocom 2003)},
  volume = {2},
  year = {2003},
  pages = {1510--1520},
  publisher = {IEEE Computer Society},
  address = {Washington, DC, USA}
}

@inproceedings{rhks-amucn-01,
  author    = {Sylvia Ratnasamy and Mark Handley and Richard M. Karp and Scott
  Shenker},
  title     = {{Application-Level Multicast Using Content-Addressable Networks}},
  pages     = {14--29},
  booktitle = {Proc. of 3rd Intern. Workshop on Network Group Communication (NGC'01)},
  editor    = {Jon Crowcroft and Markus Hofmann},
  volume    = {2233},
  series    = {LNCS},
  year      = {2001},
  month     = {Nov.},
  publisher = {Springer--Verlag},
  address   = {London, UK}
}

@inproceedings{brpsz-ihbcd-05,
  author = {Ashwin R. Bharambe and Sanjay G. Rao and Venkata N. Padmanabhan
  and Srinivasan Seshan and Hui Zhang},
  title = {{The Impact of Heterogeneous Bandwidth Constraints on DHT--Based
  Multicast Protocols}},
  pages = {115--126},
  booktitle = {Peer--to--Peer Systems IV. 4th International Workshop, IPTPS
  2005, Ithaca, NY, USA, February 24-25, 2005, Revised Selected Papers},
  editor = {Miguel Castro and Robbert van Renesse},
  volume = {3640},
  series = {LNCS},
  year = {2005},
  publisher = {Springer--Verlag},
  address = {Berlin Heidelberg}
}

@article{as-spcdt-04,
  author = {Stephanos Androutsellis-Theotokis and Diomidis Spinellis},
  title = {A survey of peer-to-peer content distribution technologies},
  journal = {ACM Comput. Surv.},
  volume = {36},
  number = {4},
  year = {2004},
  issn = {0360-0300},
  pages = {335--371},
  doi = {http://doi.acm.org/10.1145/1041680.1041681},
  publisher = {ACM Press},
  address = {New York, NY, USA},
}

@inproceedings{ncrsz-mbotb-03,
  author = "T. Ng and Y. Chu and S. Rao and K. Sripanidkulchai and H. Zhang",
  title = "{Measurement-Based Optimization Techniques for Bandwidth-Demanding Peer-to-Peer Systems}",
  booktitle = "Proceedings of IEEE Infocom",
  month = "March",
  year = "2003",
  volume = 3,
  pages = "2199--2209",
  publisher = {IEEE Press},
  address = {Piscataway, NJ, USA},
  url = "http://www.ieee-infocom.org/2003/papers/53_04.PDF"
}

@article{hasg-samp-07,
  author	= {Mojtaba Hosseini and Dewan Tanvir Ahmed and Shervin
  Shirmohammadi and Nicolas D. Georganas},
  title 	= {{A Survey of Application-Layer Multicast Protocols}},
  pages 	= {58--74},
  journal 	= {IEEE Communications Surveys \& Tutorials},
  volume 	= {9},
  number 	= {3},
  year 		= {2007}
}

@article{yle-salmt-04,
  author 	= {C. K. Yeo and B. S. Lee and M. H. Er},
  title 	= {{A Survey of Application Level Multicast Techniques}},
  journal 	= {Computer Communications},
  volume 	= {27},
  number 	= {15},
  pages 	= {1547--1568},
  year 		= {2004},
  publisher	= {Elsevier},
  issn 		= {0140--3664},
  doi 		= {DOI: 10.1016/j.comcom.2004.04.003},
  url 		= {http://www.sciencedirect.com/science/article/B6TYP-4C9P7J3-2/2/6275461a2da90490db074e2b5549204d},
}



@article{lns-almwd-02,
  author = {J{\"o}rg Liebeherr and Michael Nahas and Weisheng Si},
  title = {{Application-Layer Multicasting With Delaunay Triangulation
  Overlays}},
  pages = {1472--1488},
  journal = {IEEE Journal on Selected Areas in Communications},
  volume = {20},
  number = {8},
  year = {2002}
}

@inproceedings{gm-eomma-03,
  author = "C. Gui and P. Mohapatra",
  title = "{Efficient Overlay Multicast for Mobile Ad Hoc Networks}",
  booktitle = "Proc. of IEEE WCNC'03",
  location = "New Orleans, LA",
  month = "March",
  year = "2003",
  volume = 2,
  pages = "1118--1123",
  publisher = {IEEE Press},
  address = {Piscataway, NJ, USA},
}

@article{fk-comnt-07,
  author = {Sonia Fahmy and Minseok Kwon},
  title = {{Characterizing Overlay Multicast Networks and Their Costs}},
  journal = {IEEE/ACM Transactions on Networking},
  pages = {373--386},
  volume = {15},
  number = {2},
  year = {2007},
  publisher = {IEEE Press},
  address = {Piscataway, NJ, USA}
}

@techreport{hl-cbmci-03,
  author = "Ryan Huebsch and Boon Thau Loo",
  title = "Content-based multicast: Comparison of implementation options",
  institution = "UC Berkeley",
  number =  "UCB/CSD-03-1229",
  month = " February",
  year = "2003",
}

@inproceedings{zzjkk-basft-01,
  author = {Shelley Q. Zhuang and Ben Y. Zhao and Anthony D. Joseph and Randy H. Katz and John D. Kubiatowicz},
  title = {{Bayeux: An Architecture for Scalable and Fault-tolerant
  Wide-area Data Dissemination}},
  booktitle = {Proceedings of the 11th International Workshop on Network
  and Operating Systems Support for Digital Audio and Video (NOSSDAV '01)},
  editor = {Jason Nieh and Henning Schulzrinne},
  year = {2001},
  pages = {11--20},
  publisher = {ACM},
  address = {New York, NY, USA}
}

@techreport{zlpa-resmh-04,
  author = "J. Zhang and L. Liu and C. Pu and M. Ammar",
  title = "{Reliable end system multicasting with a heterogeneous overlay network}",
  institution = "Georgia Institute of Technology",
  number = "",
  month = "April",
  year = "2004",
  url = "http://www.cercs.gatech.edu/tech-reports/tr2004/git-cercs-04-19.pdf",
}

@inproceedings{crz-cesm-00,
  author = "Yang-Hua Chu and Sanjay G. Rao and Hui Zhang",
  title = "A case for end system multicast",
  booktitle = "SIGMETRICS '00: Proceedings of the 2000 ACM SIGMETRICS international conference on Measurement and Modeling of Computer Systems",
  pages = "1-12",
  year = "2000",
  publisher = {ACM Press},
  address = {New York, NY, USA},
  doi = {http://doi.acm.org/10.1145/339331.339337}, 
}

@inproceedings{mnma-rmams-03,
  author = {Nodoka Mimura and Kiyohide Nakauchi and Hiroyuki Morikawa and
  Tomonori Aoyama},
  title = {{RelayCast: A Middleware for Application-level Multicast
  Services}},
  booktitle = {Proceedings of the 3st IEEE/ACM International Symposium on
  Cluster Computing and the Grid (CCGRID '03)},
  editor = {Satoshi Matsuoka and Yutaka Ishikawa},
  year = {2003},
  pages = {434--441},
  publisher = {IEEE Computer Society},
  address = {Washington, DC, USA},
}


@inproceedings{dkf-rmams-03,
  author = {Pengfei Di and Kendy Kutzner and Thomas Fuhrmann},
  title = {{Providing KBR Service for Multiple Applications}},
  booktitle = {Proceedings of the 7th International Workshop on
  Peer-to-Peer Systems (IPTPS '08)},
  editor = {Adriana Iamnitchi and Stefan Saroiu},
  year = {2008},
  url = {http://www.iptps.org/papers-2008/46.pdf}
}

@inproceedings{gaf-cnalm-03,
  author = {A. Garyfalos and K. Almeroth and J. Finney},
  title = {{A comparison of network and application layer multicast for mobile IPv6 networks}},
  booktitle = {MSWIM '03: Proceedings of the 6th ACM international workshop on Modeling analysis and simulation of wireless and mobile systems},
  year = {2003},
  isbn = {1-58113-766-4},
  pages = {58--65},
  location = {San Diego, CA, USA},
  doi = {http://doi.acm.org/10.1145/940991.941003},
  publisher = {ACM Press},
  address = {New York, NY, USA},
}

@incollection{yb-atppo-08,
  author = {H. Yu and John Buford},
  title = {{Advanced Topics in Peer-to-Peer Overlay Multicast}},
  booktitle = {Encyclopedia of Wireless and Mobile Communications},
  editor = {Borko Fuhrt},
  year = {2008},
  address = {Boston, MA, USA},
  publisher = {CRC Press}
}

@techreport{bkm-oepsm-08,
  author = {Dirk Bradler and Jussi Kangasharju and Max M{\"u}hlh{\"a}user},
  title = {{Optimally Efficient Prefix Search and Multicast in Structured
  P2P Networks}},
  type = {Technical Report},
  institution = {TU Darmstadt},
  number = {TUD-CS-2008-103},
  month = {August},
  year = {2008}
}

@inproceedings{bb-fdsm-05,
  author = {Stefan Birrer and Fabian E. Bustamante},
  title = {{The Feasibility of DHT-based Streaming Multicast}},
  booktitle = {MASCOTS '05: Proceedings of the 13th IEEE International Symposium on Modeling, Analysis, and Simulation of Computer and Telecommunication Systems},
  year = {2005},
  isbn = {0-7695-2458-3},
  pages = {288--298},
  doi = {http://dx.doi.org/10.1109/MASCOT.2005.73},
  publisher = {IEEE Computer Society},
  address = {Washington, DC, USA},
}

@inproceedings{vs-hdadp-07,
  author = {Spyros Voulgaris and Maarten van Steen},
  title = "{Hybrid Dissemination: Adding Determinism to Probabilistic Multicasting in Large-Scale P2P Systems}",
  booktitle = {Middleware 2007},
  series = {Lecture Notes in Computer Science},
  editor = {R. Cerqueira and R.H. Campell},
  volume = {4834},
  pages = {389--409},
  month = {November},
  year = {2007},
  publisher = {Springer-Verlag},
  address = {Berlin Heidelberg},
}

@article{ga-foami-05,
  author = "Anargyros Garyfalos and Kevin Almeroth",
  title = "{A Flexible Overlay Architecture for Mobile IPv6 Multicast}",
  journal = "IEEE Journal on Selected Areas in Communications",
  volume = 23,
  number = 11,
  month = "November",
  year = 2005,
  pages = "2194--2205",
}

@article{bhoxb-bm-99,
  author = {Kenneth P. Birman and Mark Hayden and Oznur Ozkasap and Zhen Xiao and Mihai Budiu and Yaron Minsky},
  title = "{Bimodal Multicast}",
  journal = {ACM Trans. Comput. Syst.},
  volume = {17},
  number = {2},
  year = {1999},
  issn = {0734-2071},
  pages = {41--88},
  doi = {http://doi.acm.org/10.1145/312203.312207},
  publisher = {ACM},
  address = {New York, NY, USA}, 
}

@article{kmg-prdls-03,
  author = {Anne-Marie Kermarrec and Laurent Massouli\'{e} and Ayalvadi J. Ganesh},
  title = "{Probabilistic Reliable Dissemination in Large-Scale Systems}",
  journal = {IEEE Trans. Parallel Distrib. Syst.},
  volume = {14},
  number = {3},
  year = {2003},
  issn = {1045-9219},
  pages = {248--258},
  doi = {http://dx.doi.org/10.1109/TPDS.2003.1189583},
  publisher = {IEEE Press},
  address = {Piscataway, NJ, USA},
}

@inproceedings{lm-dggwa-99,
  author = {Meng-Jang Lin and Keith Marzullo},
  title = "{Directional Gossip: Gossip in a Wide Area Network}",
  booktitle = "{EDCC-3: Proceedings of the Third European Dependable Computing Conference on Dependable Computing}",
  series = "Lecture Notes in Computer Science",
  volume = 1667,
  year = {1999},
  isbn = {3-540-66483-1},
  pages = {364--379},
  publisher = {Springer-Verlag},
  address = {London, UK},
}

@inproceedings{dzdks-tcasp-03,
  author = {Frank Dabek and Ben Y. Zhao and Peter Druschel and John
  Kubiatowicz and Ion Stoica},
  title = {{Towards a Common API for Structured Peer-to-Peer Overlays}},
  booktitle = {Peer-to-Peer Systems II, Second International Workshop,
  IPTPS 2003, Berkeley, CA, USA, February 21-22, 2003, Revised Papers},
  editor = {M. Frans Kaashoek and Ion Stoica},
  pages = {33--44},
  series = {LNCS},
  volume = {2735},
  year = {2003},
  publisher = {Springer--Verlag},
  address = {Berlin Heidelberg}
}

@INPROCEEDINGS{lwz-ponos-03,
    author = {J{\"o}rg Liebeherr and Jianping Wang and Guimin Zhang},
    title = {Programming Overlay Networks with Overlay Sockets},
    booktitle = {In Proc. 5th COST 264 Workshop on Networked Group Communications (NGC 2003)},
    year = {2003},
    series = {LNCS},
    volume = {2816},
    pages = {242--253},
    publisher = {Springer--Verlag},
    address = {Berlin Heidelberg}
}

@inproceedings{jmw-sppdo-03,
  author = {Sushant Jain and Ratul Mahajan and David Wetherall},
  title = {{A Study of the Performance Potential of DHT-based Overlays}},
  booktitle = {USITS'03: Proceedings of the 4th conference on USENIX
  Symposium on Internet Technologies and Systems},
  editor = {Steven D. Gribble and other},
  year = {2003},
  pages = {11--11},
  volume = {4},
  publisher = {USENIX Association},
  address = {Berkeley, CA, USA}
}

@article{lcpsl-scpon-05,
  author = {Eng Keong Lua and Jon Crowcroft and Marcelo Pias and Ravi
  Sharma and Steven Lim},
  title = {{A Survey and Comparison of Peer-to-Peer Overlay Network
  Schemes}},
  pages = {72--93},
  journal = {IEEE Communications Surveys \& Tutorials},
  volume = {7},
  number = {2},
  year = {2005}
}

@book{sw-ppsa-05,
  editor = {Ralf Steinmetz and Klaus Wehrle},
  title = {Peer-to-Peer Systems and Applications},
  series = {LNCS},
  volume = {3485},
  publisher = {Springer-Verlag},
  address = {Berlin Heidelberg},
  year = {2005}
}

@inproceedings{bhk-ofons-07,
  author = {Ingmar Baumgart and Bernhard Heep and Stephan Krause},
  title = {{OverSim: A Flexible Overlay Network Simulation Framework}},
  booktitle = {Proceedings of the 10th IEEE Global Internet Symposium},
  editor = {Michalis Faloutsos and others},
  year = {2007},
  pages = {79--84},
  publisher = {IEEE Computer Society},
  address = {Washington, DC, USA}
}

@inproceedings{nblr-spns-06,
  author = {S. Naicken and A. Basu and B. Livingston and S. Rodhetbhai},
  title = {{A Survey of Peer-to-Peer Networking Simulators}},
  booktitle = {Proceedings of the Seventh Annual Postgraduate Symposium},
  editor = {Michalis Faloutsos and others},
  year = {2006},
  address = {Liverpool, UK}
}

@article{nlbrwc-spss-07,
  author = {S. Naicken and B. Livingston and A. Basu and S. Rodhetbhai and
  I. Wakeman and D. Chalmers},
  title = {{The State of Peer-to-Peer Simulators and Simulations}},
  journal = {SIGCOMM Comput. Commun. Rev.},
  volume = {37},
  number = {2},
  year = {2007},
  pages = {95--98},
  publisher = {ACM},
  address = {New York, NY, USA}
}

@techreport{bk-tpns-06,
  author = {A. Brown and M. Kolberg},
  title = {{Tools for Peer-to-Peer Network Simulations}},
  type = {IRTF Internet Draft -- work in progress},
  institution = {P2PRG},
  number = {0},
  month = {January},
  year = {2006},
}

@inproceedings{gpmptr-ponsf-05,
  author = {Pedro Garc\'{\i}a L{\'o}pez and Carles Pairot and Rub{\'e}n
  Mond{\'e}jar and Jordi Pujol Ahull{\'o} and Helio Tejedor and Robert
  Rallo},
  title = {{PlanetSim: A New Overlay Network Simulation Framework}},
  booktitle = {Proceedings 4th International Workshop on Software
  Engineering and Middleware (SEM 2004). Revised Selected Papers},
  editor = {Thomas Gschwind and Cecilia Mascolo},
  pages = {123--136},
  series = {LNCS},
  volume = {3437},
  year = {2005},
  publisher = {Springer--Verlag},
  address = {Berlin Heidelberg}
}

@misc{freepastry,
  author = "Peter Druschel and others",
  title = "{FreePastry}",
  year = "2008",
  howpublished = "http://freepastry.rice.edu/FreePastry/"
}

@inproceedings{qb-suoum-06,
  author = {Yi Qiao and Fabi\'{a}n E. Bustamante},
  title = {{Structured and unstructured overlays under the microscope: A
  measurement-based view of two P2P systems that people use}},
  booktitle = {Annual Tech '06: Proceedings of the ANnual Technical
  Conference on USENIX},
  year = {2006},
  pages = {341--355},
  publisher = {USENIX Association},
  address = {Berkeley, CA, USA}
}

@inproceedings{ccr-dsmas-05,
  author = {Miguel Castro and Manuel Costa and Antony Rowstron},
  title = {Debunking some myths about structured and unstructured overlays},
  booktitle = {NSDI'05: Proceedings of the 2nd Symposium on Networked
  Systems Design \& Implementation},
  year = {2005},
  pages = {85--98},
  publisher = {USENIX Association},
  address = {Berkeley, CA, USA}
}

@inproceedings{rcks-fesop-05,
  author = {Sean Rhea and Byung-Gon Chun and John Kubiatowicz and Scott
  Shenker},
  title = {{Fixing the Embarrassing Slowness of OpenDHT on PlanetLab}},
  booktitle = {Proceedings of the 2nd conference on Real, Large
  Distributed Systems (WORLDS'05)},
  volume = {2},
  year = {2005},
  pages = {1--6},
  publisher = {USENIX Association},
  address = {Berkeley, CA, USA}
}

@misc{overlayweaver,
  author = "Kazuyuki Shudo and others",
  title = "{Overlay Weaver: An Overlay Construction Toolkit}",
  year = "2008",
  howpublished = "http://overlayweaver.sourceforge.net/"
}

@article{sts-owoct-08,
  author = {Kazuyuki Shudo and Yoshio Tanaka and Satoshi Sekiguchi},
  title = {{Overlay Weaver: An Overlay Construction Toolkit}},
  pages = {402--412},
  journal = {Computer Communications},
  volume = {31},
  number = {2},
  year = {2008},
  note = {Special issue on foundations of peer-to-peer computing}
}

@misc{peerfactsim,
  author = "Sebastian Kaune and Aleksandra Kovacevic and Kalman Graffi and
  Konstantin Pussep",
  title = "{PeerfactSim.KOM -- Peer-to-Peer Simulator}",
  year = "2008",
  howpublished = "http://www.peerfact.org/"
}

@INPROCEEDINGS{abkm-ron-01,
	author		= {Andersen, David and Balakrishnan, Hari and Kaashoek, Frans and Morris, Robert},
	title		= {{Resilient Overlay Networks}},
	booktitle	= {SOSP '01: Proceedings of the 18th ACM Symposium on Operating Systems Principles},
	year		= {2001},
	isbn		= {1-58113-389-8},
	pages		= {131--145},
	publisher	= {ACM},
	address		= {New York, NY, USA},
	location	= {Banff, Alberta, Canada},
	doi		= {http://doi.acm.org/10.1145/502034.502048},
}

@inproceedings{rfhks-scan-01,
  author = {Sylvia Ratnasamy and Paul Francis and Mark Handley and Richard Karp and Scott Schenker},
  title = {{A Scalable Content-Addressable Network}},
  booktitle = {SIGCOMM '01: Proceedings of the 2001 conference on Applications, technologies, architectures, and protocols for computer communications},
  year = {2001},
  pages = {161--172},
  publisher = {ACM},
  address = {New York, NY, USA},
}

@phdthesis{r-scan-02,
  author = {Sylvia Paul Ratnasamy},
  title = {{A Scalable Content-Addressable Network}},
  month = {October},
  year = {2002},
  school = {University of California, Berkeley}
}

@article{zhsrjk-trgso-04,
  author = {Ben Y. Zhao and Ling Huang and Jeremy Stribling and Sean C.
  Rhea and Anthony D. Joseph and John D. Kubiatowicz},
  title = {{Tapestry: A Resilient Global-Scale Overlay for Service Deployment}},
  pages = {41--53},
  journal = {IEEE Journal on Selected Areas in Communications},
  volume = {22},
  number = {1},
  month = {January},
  year = {2004}
}

@techreport{zkj-tifwl-01,
  author = {Ben Y. Zhao and John D. Kubiatowicz and Anthony D. Joseph},
  title = {{Tapestry: An Infrastructure for Fault-tolerant Wide-area
  Location and}},
  type = {Technical Report},
  institution = {University of California at Berkeley},
  number = {UCB/CSD-01-1141 },
  month = {April},
  year = {2001}
}

@article{rm-srtrp-06,
 author = {John Risson and Tim Moors},
 title = {{Survey of research towards robust peer-to-peer networks: Search
 methods}},
 journal = {Computer Networks},
 volume = {50},
 number = {17},
 year = {2006},
 issn = {1389-1286},
 pages = {3485--3521},
 doi = {http://dx.doi.org/10.1016/j.comnet.2006.02.001},
 publisher = {Elsevier North-Holland, Inc.},
 address = {New York, NY, USA},
}

@techreport{rm-srtrp-07,
  author = {John Risson and Tim Moors},
  title = {{Survey of Research Towards Robust Peer-to-Peer Networks: Search
 Methods}},
  type = {RFC},
  institution = {IETF},
  number = {4981},
  month = {September},
  year = {2007},
}

@phdthesis{g-dksad-06,
  author = {Ali Ghodsi},
  title = {{Distributed \emph{k}-ary System: Algorithms for Distributed
  Hash Tables}},
  school = {The Royal Institute of Technology (KTH)},
  address = {Stockholm, Sweden},
  month = {October},
  year = {2006}
}


@inproceedings{gps-emcho-06,
  author = {Han Gao and Michael E. Papka and Rick L. Stevens},
  title = {{Extending Multicast Communications by Hybrid Overlay Network}},
  pages = {820--828},
  booktitle = {IEEE Intern. Conf. on Communications (ICC'06)},
  volume = {2},
  year = {2006},
  address = {Piscataway, NJ, USA},
  publisher = {IEEE Press},
}

@inproceedings{pktsm-cetom-05,
  author = {Vinay Pai and Kapil Kumar and Karthik Tamilmani and Vinay
  Sambamurthy and Alexander E. Mohr},
  title = {{Chainsaw: Eliminating Trees from Overlay Multicast}},
  booktitle = {Peer--to--Peer Systems IV. Fourth International Workshop,
  IPTPS 2005 Ithaca, NY, USA, February 24-25, 2005. Revised Selected Papers },
  editor = {Miguel Castro and Robbert van Renesse},
  year = {2005},
  pages = {127--140},
  series = {LNCS},
  volume = {3640},
  address = {Berlin Heidelberg},
  publisher = {Springer--Verlag}
}

@inproceedings{vf-cmupm-06,
  author = {Vidhyashankar Venkataraman and Paul Francis},
  title = {{Chunkyspread: Multi-tree Unstructured Peer-to-Peer Multicast}},
  booktitle = {Proceedings of the V. Internetational Workshop on
  Peer--to--Peer Systems (IPTPS'06)},
  year = {2006}
}

@inproceedings{crmc-ntpta-08,
  author = {Meeyoung Cha and Pablo Rodriguez and Sue Moon and Jon Crowcroft},
  title = {{On Next-Generation Telco-Managed P2P TV Architectures}},
  booktitle = {Proceedings of the VII. Internetational Workshop on
  Peer--to--Peer Systems (IPTPS'08)},
  year = {2008}
}

@inproceedings{crsz-ecaiu-01,
        author          = {Chu, Yang and Rao, Sanjay and Seshan, Srinivasan and Zhang, Hui},
        title           = {{Enabling conferencing applications on the internet using an overlay multicast architecture}},
        booktitle       = {Conf. on Applications, technologies, architectures, and protocols for Comp. Commun. (SIGCOMM'01)},
        year            = {2001},
        isbn            = {1-58113-411-8},
        pages           = {55--67},
        location        = {San Diego, California, United States},
        doi             = {http://doi.acm.org/10.1145/383059.383064},
        publisher       = {ACM},
        address         = {New York, NY, USA},
}

@INPROCEEDINGS{jgjko-ormon-00,
  author        = {Jannotti, John and Gifford, David K. and Johnson, Kirk L. and Kaashoek, M. Frans and O'Toole,Jr., James W.},
  title         = {{Overcast: Reliable Multicasting with an Overlay Network}},
  booktitle     = {4th Conference on Operating System Design \& Implementation (OSDI'00)},
  year          = {2000},
  pages         = {14--14},
  publisher     = {USENIX Association},
  address       = {Berkeley, CA, USA},
  location      = {San Diego, California},
}

@INPROCEEDINGS{blj-ssspc-05,
  author = {Bryan, David A. and Lowekamp, Bruce B. and Jennings, Cullen},
  title = {SOSIMPLE: A Serverless, Standards-based, P2P SIP Communication System},
  booktitle = {Proc. of the 1st Int. Workshop on
	Advanced Architectures and Algorithms for Internet Delivery and Applications(AAA-IDEA '05)},
  year = {2005},
  pages = {42--49},
  address = {Washington, DC, USA},
  publisher = {IEEE Computer Society},
  doi = {http://dx.doi.org/10.1109/AAA-IDEA.2005.15},
  isbn = {0-7695-2525-3}
}

@INPROCEEDINGS{fnkc-csihr-07,
  author = {Fessi, Ali and Niedermayer, Heiko and Kinkelin, Holger and Carle,
	Georg},
  title = {A cooperative SIP infrastructure for highly reliable telecommunication
	services},
  booktitle = {Proc. of the 1st int. conf. on Principles, systems and applications of IP telecommunications
	(IPTComm '07)},
  year = {2007},
  pages = {29--38},
  address = {New York, NY, USA},
  publisher = {ACM},
  doi = {http://doi.acm.org/10.1145/1326304.1326310},
  isbn = {978-1-60558-006-7},
  location = {New York City, New York}
}

@INPROCEEDINGS{ks-pitus-05,
  author = {Singh, Kundan and Schulzrinne, Henning},
  title = {Peer-to-peer internet telephony using SIP},
  booktitle = {Proc. of the int. workshop on Network
	and operating systems support for digital audio and video (NOSSDAV '05)},
  year = {2005},
  pages = {63--68},
  address = {New York, NY, USA},
  publisher = {ACM},
  doi = {http://doi.acm.org/10.1145/1065983.1065999},
  isbn = {1-58113-987-X},
  location = {Stevenson, Washington, USA}
}

@INPROCEEDINGS{tks-dpcc-08,
  author = {Tirasoontorn, Karn and Kamolphiwong, Sinchai and Sae-Wong, Suthon},
  title = {Distributed P2P-SIP conference construction},
  booktitle = {Int. Conf. on Mobile
	Technology, Applications, and Systems (Mobility '08)},
  year = {2008},
  pages = {1--5},
  address = {New York, NY, USA},
  publisher = {ACM},
  doi = {http://doi.acm.org/10.1145/1506270.1506296},
  isbn = {978-1-60558-089-0},
  location = {Yilan, Taiwan}
}

@inproceedings{rhks-tocss-02,
  author    = {Sylvia Ratnasamy and
               Mark Handley and
               Richard M. Karp and
               Scott Shenker},
  title     = {Topologically-Aware Overlay Construction and Server Selection},
  booktitle = {Proc. of 21st Annual Joint Conference of the IEEE Computer and Communications Societies (INFOCOM '02)},
  year      = {2002},
  pages     = {1190--1199 },
  address   = {Washington, DC, USA},
  ee        = {http://www.ieee-infocom.org/2002/papers/790.pdf},
}

@inproceedings{mm-kpisb-02,
  author    = {Petar Maymounkov and
               David Mazi{\`e}res},
  title     = {Kademlia: A Peer-to-Peer Information System Based on the
               XOR Metric},
  booktitle = {Proc. of the 1st Int. Workshop on Peer-to Peer Systems (IPTPS '02)},
  year      = {2002},
  pages     = {53--65},
  address   = {Cambridge, MA, USA},
  ee        = {http://link.springer.de/link/service/series/0558/bibs/2429/24290053.htm},
}

@INPROCEEDINGS{xtz-btoug-03,
  author = {Xu, Zhichen and Tang, Chunqiang and Zhang, Zheng},
  title = {Building Topology-Aware Overlays Using Global Soft-State},
  booktitle = {Proc. of the 23rd Int. Conf. on Distributed Computing Systems (ICDCS '03)},
  year = {2003},
  pages = {500},
  address = {Washington, DC, USA},
  publisher = {IEEE Computer Society},
  isbn = {0-7695-1920-2}
}

@MISC{bittorrent,
  title = {{The BitTorrent Homepage}},
  howpublished = {http://www.bittorrent.com/},
  year = "2010",
}

@MISC{zattoo,
  title = {{The Zattoo Homepage}},
  howpublished = {http://www.zattoo.com/},
  year = "2010",
}

@inproceedings{rgrk-hcd-04,
  author = {Rhea, Sean and Geels, Dennis and Roscoe, Timothy and Kubiatowicz, John},
  title = {{Handling Churn in a DHT}},
  booktitle = {Proceedings of the Annual Conference on USENIX Annual Technical Conference},
  series = {ATEC '04},
  year = {2004},
  location = {Boston, MA},
  pages = {10--10},
  numpages = {1},
  publisher = {USENIX Association},
  address = {Berkeley, CA, USA},
} 

@inproceedings{zzm-mbcfc-13,
  author = {Zhang, Liang and Zhou, Fangfei and Mislove, Alan and Sundaram, Ravi},
  title = {{Maygh: Building a CDN from Client Web Browsers}},
  booktitle = {Proc. of 8th ACM European Conference on Computer Systems (EuroSys'13)},
  year = {2013},
  location = {Prague, Czech Republic},
  pages = {281--294},
  numpages = {14},
  address = {New York, NY, USA},
  publisher = {ACM},
  keywords = {JavaScript, content distribution network, distributed},
}

@INPROCEEDINGS{fdm-kmstc-13,
  author={Lopez Fernandez, L. and Paris Diaz, M. and Benitez Mejias, R. and Lopez, F.J. and Santos, J.A.},
  booktitle={Proc. of 14th IEEE International Symposium on a World of Wireless, Mobile and Multimedia Networks (WoWMoM'13)},
  title={{Kurento: a media server technology for convergent WWW/mobile real-time multimedia communications supporting WebRTC}},
  year={2013},
  month={June},
  pages={1-6},
  keywords={Internet;Web sites;filtering theory;hypermedia;mobile radio;multimedia communication;multimedia servers;peer-to-peer computing;public domain software;signalling protocols;transcoding;transport protocols;GStreamer software stack;Kurento technology;SIP-HTTP based signaling plane;WWW-mobile real-time multimedia communication service;WebRTC technology;filtering;media mixing;media server technology;open source software;peer-to-peer communication;protocol;transcoding;Computer architecture;Media;Multimedia communication;Protocols;Real-time systems;Servers;World Wide Web;GStreamer;HTTP;IMS;Mobicents;RTP;SDP;SIP;WWW/Mobile Convergence;WebRTC},
}
