@misc{linux-kconfig-20,
  author={{The Linux Kernel Development Community}},
  title={{Kconfig Language}},
  year={2020},
  howpublished={\url{https://www.kernel.org/doc/html/latest/kbuild/kconfig-language.html}, last accessed 28-09-2020},
}

@inproceedings{b-hdgawim-06,
    title	= {{How to design a good API and why it matters}},
    author	= {Joshua Bloch},
    year	= {2006},
    URL	= {http://portal.acm.org/citation.cfm?id=1176617.1176622},
    booktitle	= {Proc. 21st ACM SIGPLAN Conference (OOPSLA)},
    pages	= {506--507},
    address	= {Portland, Oregon}
}

@article{lt-tese-09,
  author = {Peter Liggesmeyer and Mario Trapp},
  title = {{Trends in Embedded Software Engineering}},
  journal = {IEEE Software},
  volume={26},
  number={3},
  pages={19--25},
  year={2009},
  month = {April},
  publisher={IEEE},
}

@article{j-rpssa-84,
  title = {{Reusability in Programming: A Survey of the State of the Art}},
  author = {T. Capers Jones},
  journal = {IEEE Transactions on Software Engineering},
  volume = {10},
  number = {5},
  pages = {488--494},
  year = {1984},
  month = {September},
  publisher = {IEEE}
}

@article{h-adm-09,
  author = {Michi Henning},
  title = {{API Design Matters}},
  journal = {Commun. ACM},
  volume = {52},
  number = {5},
  month = {May},
  year = {2009},
  pages = {46--56},
  publisher = {ACM},
  address = {New York, NY, USA},
}

@book{n-ue-94,
  author = {Jakob Nielsen},
  title = {{Usability Engineering}},
  publisher = {Morgan Kaufmann Publishers},
  address = {San Francisco, Calif.},
  year = 1994,
}

@INPROCEEDINGS{bl-smcws-94,
  author = {Robert D. Blumofe and Charles E. Leiserson},
  title = {{Scheduling Multithreaded Computations by Work Stealing}},
  booktitle = {Proc. of the 35th Annual Symposium on Foundations of Computer Science (FOCS)},
  year = {1994},
  pages = {356--368}
}

@inproceedings{abp-tsmm-98,
 author = {Arora, Nimar S. and Blumofe, Robert D. and Plaxton, C. Greg},
 title = {{Thread Scheduling for Multiprogrammed Multiprocessors}},
 booktitle = {Proc. of the Tenth Annual ACM Symposium on Parallel Algorithms and Architectures},
 series = {SPAA '98},
 year = {1998},
 isbn = {0-89791-989-0},
 location = {Puerto Vallarta, Mexico},
 pages = {119--129},
 numpages = {11},
 publisher = {ACM},
 address = {New York, NY, USA},
}

@book{sowdh-mcr-95,
 author = {Snir, Marc and Otto, Steve W. and Walker, David W. and Dongarra, Jack and Huss-Lederman, Steven},
 title = {{MPI: The Complete Reference}},
 year = {1995},
 publisher = {MIT Press},
 address = {Cambridge, MA, USA},
}

@techreport{mpif-mmpis-15,
  author = {{Message Passing Interface Forum}},
  title = {{MPI: A Message-Passing Interface StandardVersion 3.1}},
  year = {2015},
  month = {June},
  note = {\url{https://www.mpi-forum.org/docs/mpi-3.1/mpi31-report.pdf}},
}

@misc{omp-om-20,
author = {{The Open MPI Project}},
title = {{Open MPI: Open Source High Performance Computing}},
year = {2020},
month = {January},
howpublished = {\url{https://www.open-mpi.org/}},
}

@misc {np-ug-20,
  author = {{The Netty project}},
  title = {{User Guide for 4.x}},
  year = {2020},
  howpublished = {\url{https://netty.io/wiki/user-guide-for-4.x.html}},
}

@inproceedings{a-he-07,
  author = {Armstrong, Joe},
  title = {{A History of Erlang}},
  booktitle = {Proc. of the third ACM SIGPLAN conference on History of programming languages (HOPL III)},
  year = {2007},
  pages = {6-1--6-26},
  location = {San Diego, California},
  publisher = {ACM},
  address = {New York, NY, USA}
}

@article{ho-sautb-09,
 author = {Haller, Philipp and Odersky, Martin},
 title = {{Scala Actors: Unifying Thread-Based and Event-Based Programming}},
 journal = {Theor. Comput. Sci.},
 volume = {410},
 number = {2-3},
 year = {2009},
 pages = {202--220},
 publisher = {Elsevier Science Publishers Ltd.},
 address = {Essex, UK}
}

@book{a-amccd-86,
  author = {Agha, Gul},
  title = {{Actors: A Model of Concurrent Computation In Distributed Systems}},
  institution = {MIT},
  isbn={978-0262511414},
  year = {1986},
  publisher = {MIT Press},
  address = {Cambridge, MA, USA},
  numpages={190},
}

@article{a-coop-90,
  author = {Agha, Gul},
  title = {{Concurrent Object-Oriented Programming}},
  journal = {Commun. ACM},
  volume = {33},
  number = {9},
  year = {1990},
  pages = {125--141},
  publisher = {ACM},
  address = {New York, NY, USA}
}

@inproceedings{hm-tmasl-93,
  author = {Herlihy, Maurice and Moss, J. Eliot B.},
  title = {{Transactional Memory: Architectural Support for Lock-Free Data Structures}},
  booktitle = {Proc. of the 20th ISCA},
  year = {1993},
  month = "May",
  pages = {289--300},
  location = {San Diego, California, United States},
  publisher = {ACM},
  address = {New York, NY, USA}
}

@book{h-osp-73,
  author = {Hansen, Per Brinch},
  title = {{Operating System Principles}},
  year = {1973},
  isbn = {0-13-637843-9},
  publisher = {Prentice-Hall, Inc.},
  address = {Upper Saddle River, NJ, USA}
}

@article{sh-dcl-97,
  author = {Schmidt, Douglas C. and Harrison, Tim},
  title = {{Double-Checked Locking}},
  book = {Pattern languages of program design 3},
  year = {1997},
  pages = {363--375},
  publisher = {Addison-Wesley Longman Publishing Co., Inc.},
  address = {Boston, MA, USA}
}

@inproceedings{efd-vftep-05,
  author = {Earle, Clara Benac and Fredlund, Lars-\AAke and Derrick, John},
  title = {{Verifying Fault-Tolerant Erlang Programs}},
  booktitle = {Proc. of the 2005 ACM SIGPLAN workshop on Erlang (ERLANG '05)},
  year = {2005},
  pages = {26--34},
  location = {Tallinn, Estonia},
  publisher = {ACM},
  address = {New York, NY, USA}
}

@InProceedings{ho-jmlc-06,
  author      = {Haller, Philipp and Odersky, Martin},
  title       = {{Event-Based Programming without Inversion of Control}},
  booktitle   = {Joint Modular Languages Conference},
  location    = {Jesus College, Oxford, England},
  pages       = {4--22},
  publisher   = {Springer-Verlag Berlin},
  volume      = {4228},
  series      = {LNCS},
  year        = {2006}
}

@book{ghjv-dpero-95,
  author = {Gamma, Erich and Helm, Richard and Johnson, Ralph E. and Vlissides, John},
  title = {{Design Patterns. Elements of Reusable Object-Oriented Software.}},
  isbn = {978-0201633610},
  publisher = {Addison-Wesley},
  year = {1995},
  month = {March}
}

@book{a-pescw-07,
  author = {Armstrong, Joe},
  title = {{Programming Erlang: Software for a Concurrent World}},
  isbn = {978-1934356005},
  month = jul,
  publisher = {Pragmatic Bookshelf},
  year = {2007}
}

@book{osv-pscss-08,
  author = {Odersky, Martin and Spoon, Lex and Venners, Bill},
  title = {{Programming in Scala: A Comprehensive Step-by-step Guide}},
  year = {2008},
  isbn = {0981531601, 9780981531601},
  edition = {1st},
  publisher = {Artima Incorporation},
  address = {USA},
}

@article{s-csn-86,
  author    = {Michael Stonebraker},
  title     = {{The Case for Shared Nothing}},
  journal   = {IEEE Database Eng. Bull.},
  volume    = {9},
  number    = {1},
  year      = {1986},
  pages     = {4--9},
}

@phdthesis{a-mrdsp-03,
  author = {Armstrong, Joe},
  title = {{Making Reliable Distributed Systems in the Presence of Software Errors}},
  school = {Department of Microelectronics and Information Technology, KTH, Sweden},
  year = {2003},
}

@inproceedings{sm-kitaj-08,
  author = {Srinivasan, Sriram and Mycroft, Alan},
  title = {{Kilim: Isolation-Typed Actors for Java}},
  booktitle = {Proc. of the 22nd ECOOP},
  year = {2008},
  pages = {104--128},
  location = {Paphos, Cypress},
  publisher = {Springer-Verlag},
  series = "LNCS",
  volume = 5142,
  address = {Berlin, Heidelberg},
}

@book{gjsb-jlste-05,
  author = {Gosling, James and Joy, Bill and Steele, Guy and Bracha, Gilad},
  title = {{The Java Language Specification, Third Edition}},
  address = {Amsterdam},
  pages = {688},
  publisher = {Addison-Wesley Longman},
  year = {2005},
}

@inproceedings{aj-cpcps-89,
 author = {Appel, A. W. and Jim, T.},
 title = {{Continuation-Passing, Closure-Passing Style}},
 booktitle = {Proc. of the 16th ACM SIGPLAN-SIGACT symposium on Principles of programming languages (POPL '89)},
 year = {1989},
 pages = {293--302},
 location = {Austin, Texas, United States},
 publisher = {ACM},
 address = {New York, NY, USA}
}

@inproceedings{r-dihop-72,
  author = {John C. Reynolds},
  title = {{Definitional Interpreters for Higher-Order Programming Languages}},
  booktitle = {Reprinted from the proceedings of the 25th ACM National Conference},
  year = {1972},
  pages = {717--740},
  publisher = {ACM}
}

@article{dlmn-eecht-09,
  author = {Dice, Dave and Lev, Yossi and Moir, Mark and Nussbaum, Daniel},
  title = {{Early Experience with a Commercial Hardware Transactional Memory Implementation}},
  journal = {SIGPLAN Not.},
  volume = {44},
  number = {3},
  year = {2009},
  pages = {157--168},
  publisher = {ACM},
  address = {New York, NY, USA}
}

@article{va-pdros-01,
 author = {Varela, Carlos and Agha, Gul},
 title = {{Programming Dynamically Reconfigurable Open Systems with SALSA}},
 journal = {SIGPLAN Not.},
 volume = {36},
 number = {12},
 month = {December},
 year = {2001},
 pages = {20--34},
 publisher = {ACM},
 address = {New York, NY, USA},
}

@inproceedings{bg-jjmas-99,
 author = {Burge, Legand L. and George, K. M.},
 title = {{JMAS: a Java-based Mobile Actor System for Distributed Parallel Computation}},
 booktitle = {Proc. of the 5th conference on USENIX Conference on Object-Oriented Technologies \& Systems - Volume 5},
 series = {COOTS'99},
 year = {1999},
 location = {San Diego, California},
 pages = {9--9},
 publisher = {USENIX Association},
 address = {Berkeley, CA, USA},
}

@techreport{kml-a2clc-92,
 author = {Kafura, Dennis G. and Mukherji, Manibrata and Lavender, Gregory R.},
 title = {{ACT++ 2.0: A Class Library for Concurrent Programming in C++ Using Actors}},
 year = {1992},
 publisher = {Virginia Polytechnic Institute \& State University},
 address = {Blacksburg, VA, USA}
}

@article{kl-abcca-90,
 author = {Kafura, Dennis G. and Lee, Keung H},
 title = {ACT++: Building a Concurrent C++ with Actors},
 journal = {J. Object Oriented Program.},
 issue_date = {May/Jun. 1990},
 volume = {3},
 number = {1},
 month = apr,
 year = {1990},
 pages = {25--37},
 publisher = {SIGS Publications},
 address = {Denville, NJ, USA},
}

@inproceedings{hbs-umafa-73,
  author = {Hewitt, Carl and Bishop, Peter and Steiger, Richard},
  title = {{A Universal Modular ACTOR Formalism for Artificial Intelligence}},
  booktitle = {Proc. of the 3rd IJCAI},
  year = {1973},
  location = {Stanford, USA},
  pages = {235--245},
  publisher = {Morgan Kaufmann Publishers Inc.},
  address = {San Francisco, CA, USA}
}

@inproceedings{bj-evsds-87,
  author = {Birman, K. and Joseph, T.},
  title = {{Exploiting Virtual Synchrony in Distributed Systems}},
  booktitle = {Proc. of the eleventh ACM Symposium on Operating systems principles},
  series = {SOSP '87},
  year = {1987},
  location = {Austin, Texas, United States},
  pages = {123--138},
  publisher = {ACM},
  address = {New York, NY, USA}
}

@article{efgk-mfps-03,
  author = {Eugster, Patrick Th. and Felber, Pascal A. and Guerraoui, Rachid and Kermarrec, Anne-Marie},
  title = {{The Many Faces of Publish/Subscribe}},
  journal = {ACM Comput. Surv.},
  volume = {35},
  number = {2},
  month = {June},
  year = {2003},
  pages = {114--131},
  publisher = {ACM},
  address = {New York, NY, USA},
}

@inproceedings{a-eslia-96,
  author = {Joe Armstrong},
  title = {{Erlang - A Survey of the Language and its Industrial Applications}},
  booktitle = {Proc. of the symposium on industrial applications of Prolog (INAP96)},
  month = {October},
  year = {1996},
  pages = {16--18},
  publisher = {Hino},
  location = {Tokyo Japan}
}

@inproceedings{a-de-97,
  author = {Armstrong, Joe},
  title = {{The Development of Erlang}},
  booktitle = {{ICFP '97 - Proceedings of the second ACM SIGPLAN International Conference on Functional Programming}},
  year = {1997},
  location = {Amsterdam, The Netherlands},
  pages = {196--203},
  publisher = {ACM},
  address = {New York, NY, USA}
}

@techreport{ibmc-iseap-83,
  author = {{I.B.M. Corporation}},
  title = {{IBM System/370 Extended Architecture, Principles of Operation}},
  institution = {IBM},
  number = {SA22-7085},
  year = {1983}
}

@inproceedings{ms-sfpnb-96,
  author = {Michael, Maged M. and Scott, Michael L.},
  title = {{Simple, Fast, and Practical Non-Blocking and Blocking Concurrent Queue Algorithms}},
  booktitle = {Proc. of the fifteenth annual ACM symposium on Principles of distributed computing},
  series = {PODC '96},
  year = {1996},
  location = {Philadelphia, Pennsylvania, USA},
  pages = {267--275},
  publisher = {ACM},
  address = {New York, USA},
}

@inproceedings{dps-lfdra-06,
  author = {Dechev, Damian and Pirkelbauer, Peter and Stroustrup, Bjarne},
  title = {{Lock-Free Dynamically Resizable Arrays.}},
  booktitle = {OPODIS},
  editor = {Shvartsman, Alexander A.},
  pages = {142--156},
  publisher = {Springer},
  series = {Lecture Notes in Computer Science},
  volume = 4305,
  year = 2006,
  month = {November},
}

@article{c-dstdc-63,
  author = {Conway, Melvin E.},
  title = {{Design of a Separable Transition-Diagram Compiler}},
  journal = {Commun. ACM},
  volume = {6},
  number = {7},
  month = {July},
  year = {1963},
  pages = {396--408},
  publisher = {ACM},
  address = {New York, NY, USA}
}

@book{vj-ctcg-02,
  author = {Vandevoorde, David and Josuttis, Nicolai M.},
  title = {{C++ Templates: The Complete Guide}},
  publisher = {Addison-Wesley},
  year = {2002}
}

@book{s-dec-95,
  author    = {Bjarne Stroustrup},
  title     = {{The Design and Evolution of C++}},
  publisher = {Addison-Wesley},
  year      = {1995},
  isbn      = {978-0-201-54330-8},
}

@article{c-crtp-95,
  author = {Coplien, James O.},
  title = {{Curiously Recurring Template Patterns}},
  journal = {C++ Report},
  volume = {7},
  month = {February},
  year = {1995},
  pages = {24--27},
  publisher = {SIGS Publications, Inc.},
  address = {New York, NY, USA},
}

@inproceedings{jlht-obdmas-10,
  author = {Jaskelainen, Pekka O. and de La Lama, Carlos S. and Huerta, Pablo and Takala, Jarmo H.},
  title = {{OpenCL-Based Design Methodology for Application-Specific Processors}},
  location = {Samos, Greece},
  month = jul,
  publisher = {IEEE},
  pages = {223--230},
  booktitle = {ICSAMOS},
  year = {2010}
}

@article{sgs-oppsh-10,
  author = {Stone, John E. and Gohara, David and Shi, Guochun},
  title = {{OpenCL: A Parallel Programming Standard for Heterogeneous Computing Systems}},
  journal = {IEEE Des. Test},
  volume = {12},
  number = {3},
  month = {May},
  year = {2010},
  pages = {66--73},
  publisher = {IEEE Computer Society Press},
  address = {Los Alamitos, CA, USA},
}

@article{ms-asssm-91,
  author = {Mellor-Crummey, John M. and Scott, Michael L.},
  title = {{Algorithms for Scalable Synchronization on Shared-Memory Multiprocessors}},
  journal = {ACM Trans. Comput. Syst.},
  volume = {9},
  number = {1},
  month = {February},
  year = {1991},
  note = {ISSN: 0734-2071},
  pages = {21--65},
  publisher = {ACM},
  address = {New York, NY, USA},
}

@article{ma-cpdcl-04,
  author = {Meyers, Scott and Alexandrescu, Andrei},
  title = {{C++ and the Perils of Double-Checked Locking}},
  journal = {Dr. Dobb's Journal},
  month = {July},
  year = {2004}
}

@article{s-floft-05,
  author = {Sutter, Herb},
  title = {{The Free Lunch Is Over: A Fundamental Turn Toward Concurrency in Software}},
  journal = {Dr. Dobb's Journal},
  month = {March},
  year = {2005}
}

@article{a-gpmtv-00,
  author = {Alexandrescu, Andrei},
  title = {{Mappings between Types and Values}},
  journal = {Dr. Dobb's Journal},
  month = {October},
  year = {2000}
}

@techreport{iso-cpp-11,
  author = {ISO},
  title = {{ISO/IEC 14882:2011 Information technology ---  Programming languages --- C++}},
  institution = {International Organization for Standardization},
  address = {Geneva, Switzerland},
  month = {February},
  year = {2012},
}

@inproceedings{bgklp-occe-11,
 author = {Bykov, Sergey and Geller, Alan and Kliot, Gabriel and Larus, James R. and Pandya, Ravi and Thelin, Jorgen},
 title = {{Orleans: Cloud Computing for Everyone}},
 booktitle = {Proc. of the 2nd ACM Symposium on Cloud Computing},
 series = {SOCC '11},
 year = {2011},
 location = {Cascais, Portugal},
 pages = {16:1--16:14},
 publisher = {ACM},
 address = {New York, NY, USA},
}

@misc{tiobe-pci-12,
  author = {{TIOBE Software BV}},
  title = {{Programming Community Index}},
  howpublished = {\url{www.tiobe.com}},
  year = {2012},
  month = {April},
  location = {Eindhoven, Netherlands},
}

@misc{ti-a-12,
  author = {{Typesafe Inc.}},
  title = {{Akka Framework}},
  howpublished = {\url{http://akka.io}},
  year = {2017},
  month = {August},
  location = {Cambridge, MA, USA},
}

@manual{l-aild-20,
  author = {{Lightbend Inc.}},
  title = {{Akka IO Layer Design}},
  address = {\url{https://doc.akka.io/docs/akka/current/common/io-layer.html}},
  year = {2020},
  month = {January},
}

@misc{ms-c-12,
 author={{Microsoft}},
 title={{Casablanca}},
 howpublished={\url{http://casablanca.codeplex.com/}},
 year={2012},
 location={Washington, DC, USA},
}

@misc{c-l-12,
  author={Dominik Charousset},
  title={{libcppa}},
  howpublished={\url{http://libcppa.org}},
  year={2012},
  location={Hamburg, Germany}
}

@book{pc-hb-12,
  author = {Stuart Halloway and Aaron Bedra},
  title = {{Programming Clojure}},
  year = {2012},
  month = {May},
  publisher = {Pragmatic Programmers},
}

@article{h-wfs-91,
 author = {Herlihy, Maurice},
 title = {{Wait-Free Synchronization}},
 journal = {ACM Trans. Program. Lang. Syst.},
 volume = {13},
 number = {1},
 month = jan,
 year = {1991},
 pages = {124--149},
 publisher = {ACM},
 address = {New York, NY, USA},
}

@inproceedings{st-stm-95,
 author = {Shavit, Nir and Touitou, Dan},
 title = {{Software Transactional Memory}},
 booktitle = {Proc. of the fourteenth annual ACM symposium on PODC},
 year = {1995},
 location = {Ottowa, Ontario, Canada},
 pages = {204--213},
 numpages = {10},
 publisher = {ACM},
 address = {New York, NY, USA},
}

@article{tlh-fsslm-94,
 author = {Torrellas, J. and Lam, H. S. and Hennessy, J. L.},
 title = {{False Sharing and Spatial Locality in Multiprocessor Caches}},
 journal = {IEEE Trans. Comput.},
 volume = {43},
 number = {6},
 month = jun,
 year = {1994},
 pages = {651--663},
 numpages = {13},
 publisher = {IEEE Computer Society},
 address = {Washington, DC, USA},
}

@inproceedings{dglm-fvplf-04,
  author = {Simon Doherty and Lindsay Groves and Victor Luchangco and Mark Moir},
  title = {{Formal Verification of a Practical Lock-Free Queue Algorithm}},
  booktitle = {FORTE},
  year = {2004},
  month = {September},
  volume = {3235},
  pages = {97--114},
  publisher = {Springer}
}

@article{glds-hppim-96,
  author = {Gropp, William and Lusk, Ewing and Doss, Nathan and Skjellum, Anthony},
  title = {{A High-Performance, Portable Implementation of the MPI Message Passing Interface Standard}},
  journal = {Parallel Comput.},
  volume = {22},
  number = {6},
  month = sep,
  year = {1996},
  pages = {789--828},
  numpages = {40},
  publisher = {Elsevier Science Publishers B. V.},
  address = {Amsterdam, Netherlands},
}

@inproceedings{gc-aodpp-93,
 author = {Agha, Gul and Callsen, Christian J.},
 title = {{ActorSpaces: An Open Distributed Programming Paradigm}},
 booktitle = {Proc. of the fourth ACM SIGPLAN symposium on Principles and practice of parallel programming},
 year = {1993},
 pages = {23--32},
 numpages = {10},
 publisher = {ACM},
 address = {New York, NY, USA},
}

@inproceedings{amst-ttac-92,
    author = {Agha, Gul and Mason, Ian A. and Smith, Scott and Talcott, Carolyn},
    title = {{Towards a Theory of Actor Computation}},
    booktitle = {Proc. of CONCUR},
    pages = {565--579},
    series = {LNCS},
    volume = {630},
    publisher = {Springer-Verlag},
    address = {Heidelberg},
    year = {1992}
}

@inproceedings{sp-wcdaa-10,
 author = {Sch{\"a}fer, Jan and Poetzsch-Heffter, Arnd},
 title = {{Writing Concurrent Desktop Applications in an Actor-Based Programming Model}},
 booktitle = {Proc. of the 3rd International Workshop on Multicore Software Engineering},
 series = {IWMSE '10},
 year = {2010},
 pages = {2--9},
 numpages = {8},
 publisher = {ACM},
 address = {New York, NY, USA},
}

@article{cg-lc-89,
  author = {Carriero, Nicholas and Gelernter, David},
  title = {{Linda in Context}},
  journal = {Commun. ACM},
  volume = {32},
  number = {4},
  month = apr,
  year = {1989},
  pages = {444--458},
  numpages = {15},
  publisher = {ACM},
  address = {New York, NY, USA},
}

@inproceedings{ca-ohca-94,
  author={Christian J. Callsen and Gul  Agha},
  title={{Open Heterogeneous Computing in ActorSpace}},
  journal = {{Journal of Parallel and Distributed Computing}},
  volume = {21},
  number = {3},
  month = jun,
  year = {1994},
  pages = {289--300},
  numpages = {12},
  publisher = {Academic Press, Inc.},
  address = {Orlando, FL, USA},
}

@book{lewec-js-02,
  author = {Marc Loy and Robert Eckstein and Dave Wood and James Elliot and Brian Cole},
  title = {{Java Swing}},
  year = {2002},
  publisher = {O'Reilly},
  numpages = {1278},
  address = {Sebastopol, CA, USA},
}

@book{bs-cgpq-08,
  author = {Jasmin Blanchette and Mark Summerfield},
  title = {{C++ GUI Programming with Qt4}},
  year = {2008},
  publisher = {Prentice Hall},
  numpages = {752},
  address = {Upper Saddle River, NJ, USA},
}

@inproceedings{drc-aamam-96,
  author = {Darche, Philippe and Raverdy, Pierre-Guillaume and Commelin, Eric},
  title = {{ActNet: The Actor Model Applied to Mobile Robotic Environments}},
  booktitle = {OBPDC'95},
  year      = {1995},
  pages     = {273-289},
  publisher = {Springer-Verlag},
  address = {London, UK, UK},
}

@misc{m-el-98,
  author = {Miller, Mark S.},
  title = {{The E Language}},
  howpublished = {\url{www.erights.org}},
  year = {1998},
  month = {November},
}

@misc{j-r-12,
  author= {Rettig, Mike},
  title = {{Jetlang}},
  howpublished = {https://github.com/jetlang},
  note = {Accessed: 2017-07-18},
}

@misc{r-r-10,
  author = {Mike Rettig},
  title = {{Retlang}},
  howpublished = {\url{code.google.com/p/retlang}},
  year = {2010},
  month = {December},
}

@techreport{s-ksfla-10,
  author =	{Srinivasan, Sriram},
  title = {{Kilim: A Server Framework with Lightweight Actors, Isolation Types and Zero-copy Messaging}},
  year =  2010,
  month = feb,
  institution = {University of Cambridge},
  location = {Cambridge, UK},
  number = {769}
}

@inproceedings{ntk-edflt-03,
  author = {Nystr\"{o}m, J. H. and Trinder, P. W. and King, D. J.},
  title = {{Evaluating Distributed Functional Languages for Telecommunications Software}},
  booktitle = {Proc. of the 2003 ACM SIGPLAN workshop on Erlang},
  series = {ERLANG '03},
  year = {2003},
  location = {Uppsala, Sweden},
  pages = {1--7},
  numpages = {7},
  publisher = {ACM},
  address = {New York, NY, USA},
}

@article{v-et-95,
  author = {Todd Veldhuizen},
  title = {{Expression Templates}},
  journal = {C++ Report},
  year = {1995},
  volume = {7},
  pages = {26--31},
  issn = {1040-6042)},
  address = {New York, NY, USA},
}

@inproceedings{ggt-stmm-12,
  author = {Gramoli, Vincent and Guerraoui, Rachid and Trigonakis, Vasileios},
  title = {{TM2C: A Software Transactional Memory for Many-cores}},
  booktitle = {Proc. of the 7th ACM european conference on Computer Systems},
  series = {EuroSys '12},
  year = {2012},
  location = {Bern, Switzerland},
  pages = {351--364},
  numpages = {14},
  publisher = {ACM},
  address = {New York, NY, USA},
}

@inproceedings{cstrs-bcssy-10,
 author = {Cooper, Brian F. and Silberstein, Adam and Tam, Erwin and Ramakrishnan, Raghu and Sears, Russell},
 title = {{Benchmarking Cloud Serving Systems with YCSB}},
 booktitle = {Proc. of the 1st ACM symposium on Cloud computing},
 series = {SoCC '10},
 year = {2010},
 location = {Indianapolis, Indiana, USA},
 pages = {143--154},
 numpages = {12},
 publisher = {ACM},
 address = {New York, NY, USA},
}

@inproceedings{ews-hdsks-12,
 author = {Escriva, Robert and Wong, Bernard and Sirer, Emin G\"{u}n},
 title = {{HyperDex: A Distributed, Searchable Key-Value Store}},
 booktitle = {Proc. of the ACM SIGCOMM 2012 conference on Applications, technologies, architectures, and protocols for computer communication},
 series = {SIGCOMM '12},
 year = {2012},
 location = {Helsinki, Finland},
 pages = {25--36},
 numpages = {12},
 publisher = {ACM},
 address = {New York, NY, USA},
}

@inproceedings{bac-stmls-08,
 author = {Bocchino, Robert L. and Adve, Vikram S. and Chamberlain, Bradford L.},
 title = {{Software Transactional Memory for Large Scale Clusters}},
 booktitle = {Proc. of the 13th PPoPP},
 year = {2008},
 location = {Salt Lake City, UT, USA},
 pages = {247--258},
 publisher = {ACM},
 address = {New York, NY, USA},
}

@article{l-tpwt-06,
 author = {Lee, Edward A.},
 title = {{The Problem with Threads}},
 journal = {Computer},
 volume = {39},
 number = {5},
 month = {May},
 year = {2006},
 pages = {33--42},
 numpages = {10},
 publisher = {IEEE Computer Society Press},
 address = {Los Alamitos, CA, USA},
}

@article{h-wfpm-89,
 author = {Hughes, J.},
 title = {{Why Functional Programming Matters}},
 journal = {Comput. J.},
 volume = {32},
 number = {2},
 month = {April},
 year = {1989},
 pages = {98--107},
 numpages = {10},
 publisher = {Oxford University Press},
 address = {Oxford, UK},
}

@article{sl-scr-05,
 author = {Sutter, Herb and Larus, James},
 title = {{Software and the Concurrency Revolution}},
 journal = {Queue},
 volume = {3},
 number = {7},
 month = sep,
 year = {2005},
 pages = {54--62},
 numpages = {9},
 publisher = {ACM},
 address = {New York, NY, USA},
}

@manual{m-tos-12,
 author={Munshi, Aaftab},
 title={{The OpenCL Specification}},
 organization={Khronos OpenCL Working Group, Khronos Group},
 note={{Version 1.2, Revision 19}},
 year={2012},
 moth={November},
 url={http://www.khronos.org/registry/cl/specs/opencl-1.2.pdf}
}

@INPROCEEDINGS{smc-dptpw-12,
 author = {{Alessandro Sivieri and Luca Mottola and Gianpaolo Cugola}},
 title = {{Drop the phone and talk to the physical world: Programming the internet of things with Erlang}},
 booktitle = "SESENA'12",
 pages = {8-14},
 year = {2012},
}

@article{bl-smcws-99,
 author = {Blumofe, Robert D. and Leiserson, Charles E.},
 title = {{Scheduling Multithreaded Computations by Work Stealing}},
 journal = {J. ACM},
 issue_date = {Sept. 1999},
 volume = {46},
 number = {5},
 month = sep,
 year = {1999},
 pages = {720--748},
 publisher = {ACM},
 address = {New York, NY, USA},
}

@inproceedings{kfbgt-wwb-12,
 author = {Kumar, Vivek and Frampton, Daniel and Blackburn, Stephen M. and Grove, David and Tardieu, Olivier},
 title = {{Work-stealing Without the Baggage}},
 booktitle = {Proc. of the ACM International Conference on Object Oriented Programming Systems Languages and Applications},
 series = {OOPSLA '12},
 year = {2012},
 isbn = {978-1-4503-1561-6},
 location = {Tucson, Arizona, USA},
 pages = {297--314},
 publisher = {ACM},
 address = {New York, NY, USA},
}

@inproceedings{l-jff-00,
 author = {Lea, Doug},
 title = {{A Java Fork/Join Framework}},
 booktitle = {Proc. of the ACM 2000 Conference on Java Grande},
 series = {JAVA '00},
 year = {2000},
 isbn = {1-58113-288-3},
 location = {San Francisco, California, USA},
 pages = {36--43},
 publisher = {ACM},
 address = {New York, NY, USA},
}

@inproceedings{ksa-afjpc-09,
  author = {Karmani, Rajesh K. and Shali, Amin and Agha, Gul},
  title = {{Actor Frameworks for the JVM Platform: A Comparative Analysis}},
  booktitle = {PPPJ},
  pages = {11-20},
  year = {2009}
}

@article{k-emltd-02,
  author = {Laszlo B Kish},
  title = {{End of Moore's law: Thermal (Noise) Death of Integration in Micro and Nano Electronics}},
  journal = {Physics Letters A},
  volume = {305},
  number = {3--4},
  pages = {144--149},
  year = {2002},
  issn = {0375-9601},
}

@article{ll-samhr-73,
 author = {Liu, C. L. and Layland, James W.},
 title = {{Scheduling Algorithms for Multiprogramming in a Hard-Real-Time Environment}},
 journal = {J. ACM},
 issue_date = {Jan. 1973},
 volume = {20},
 number = {1},
 month = jan,
 year = {1973},
 issn = {0004-5411},
 pages = {46--61},
 publisher = {ACM},
 address = {New York, NY, USA},
}

@article{dm-mosht-89,
  author={Dertouzos, M.L. and Mok, AK.},
  title={{Multiprocessor Online Scheduling of Hard-Real-Time Tasks}},
  journal={Software Engineering, IEEE Transactions on},
  year={1989},
  month={Dec},
  volume={15},
  number={12},
  pages={1497-1506},
}

@inproceedings{ahjw-ttsqq-06,
  author = {Arts, Thomas and Hughes, John and Johansson, Joakim and Wiger, Ulf},
  title = {{Testing Telecoms Software with Quviq QuickCheck}},
  booktitle = {Proc. of the 2006 ACM SIGPLAN  Workshop on Erlang},
  series = {ERLANG '06},
  year = {2006},
  location = {Portland, Oregon, USA},
  pages = {2--10},
  publisher = {ACM},
  address = {New York, NY, USA},
}

@inproceedings{aw-ppcau-97,
  author={Agha, Gul and Wooyoung Kim},
  booktitle={{Massively Parallel Programming Models, 1997. Proceedings. Third Working Conference on}},
  title={Parallel programming and complexity analysis using Actors},
  year={1997},
  month={Nov},
  pages={68-79},
}

@inproceedings{svar-edmsd-04,
  author = {Sen, Koushik and Vardhan, Abhay and Agha, Gul and Rosu, Grigore},
  title = {{Efficient Decentralized Monitoring of Safety in Distributed Systems}},
  booktitle = {Proc. of the 26th International Conference on Software Engineering},
  series = {ICSE '04},
  year = {2004},
  isbn = {0-7695-2163-0},
  pages = {418--427},
  numpages = {10},
  publisher = {IEEE Computer Society},
  address = {Washington, DC, USA},
}

@inproceedings{bghs-rrv-04,
  author={Barringer, Howard and Goldberg, Allen and Havelund, Klaus and Sen, Koushik},
  title={{Rule-based Runtime Verification}},
  booktitle={Verification, Model Checking, and Abstract Interpretation},
  pages={44--57},
  year={2004},
  organization={Springer}
}

@inproceedings{sr-ccae-00,
  author = {Scerri, Paul and Reed, Nancy E.},
  title = {Creating Complex Actors with EASE},
  booktitle = {Proc. of the Fourth International Conference on Autonomous Agents},
  series = {AGENTS '00},
  year = {2000},
  location = {Barcelona, Spain},
  pages = {142--143},
  publisher = {ACM},
  address = {New York, NY, USA},
}

@inproceedings{gass-rdda-06,
  author={Geels, Dennis Michael and Altekar, Gautam and Shenker, Scott and Stoica, Ion},
  title={{Replay Debugging for Distributed Applications}},
  booktitle={Proc. of USENIX'06 Ann. Tech. Conf.},
  location = {Boston, MA, USA},
  pages = {289--300},
  publisher = {USENIX Assoc.},
  year={2006}
}

@techreport{scm-cmdd-09,
  author={Stanley, Terry and Close, Tyler and Miller, Mark S},
  title={Causeway: A message-oriented distributed debugger},
  year={2009},
  number = {HPL-2009-78},
  institution={HP Laboratories},
}

@article{kk-cppwm-96,
  author={Kale, Laxmikant V and Krishnan, Sanjeev},
  title={{Charm++: Parallel programming with message-driven objects}},
  year={1996},
  journal={Parallel Programming using C++},
  pages={175--213},
}

@inproceedings{is-sabs-14,
  author = {Shams Imam and Vivek Sarkar},
  title = {{Savina -- An Actor Benchmark Suite}},
  booktitle = {Proc. of the 5th ACM SIGPLAN Conf. on Systems, Programming, and Applications (SPLASH '14), Workshop AGERE!},
  month = {Oct.},
  year = {2014},
  publisher = {ACM},
  address = {New York, NY, USA},
  location = {Portland, OR},
  pages = {67--80},
}

@inproceedings{dv-slhar-14,
  author={Desell, Travis and Varela, Carloas A.},
  title={{SALSA Lite: A Hash-Based Actor Runtime for Efficient Local Concurrency}},
  booktitle={Concurrent Objects and Beyond},
  year={2014},
  isbn={978-3-662-44470-2},
  volume={8665},
  series={Lecture Notes in Computer Science},
  editor={Agha, Gul and Igarashi, Atsushi and Kobayashi, Naoki and Masuhara, Hidehiko and Matsuoka, Satoshi and Shibayama, Etsuya and Taura, Kenjiro},
  publisher={Springer Berlin Heidelberg},
  pages={144-166},
}

@inproceedings{sds-opmc-13,
 author = {Solodkyy, Yuriy and Dos Reis, Gabriel and Stroustrup, Bjarne},
 title = {{Open Pattern Matching for C++}},
 booktitle = {{Proc. of the 4th ACM SIGPLAN Conf. on Systems, Programming, and Applications (SPLASH '13)}},
 series = {SPLASH '13},
 year = {2013},
 isbn = {978-1-4503-1995-9},
 location = {Indianapolis, Indiana, USA},
 pages = {97--98},
 numpages = {2},
 publisher = {ACM},
 address = {New York, NY, USA},
}

@techreport{l-pagic-09,
  author = {David Levinthal},
  title = {{Performance Analysis Guide for Intel Core i7 Processor and Intel Xeon 5500 processors}},
  year = {2009},
  address = {California, CA, USA},
}

@article{l-plcls-80,
  author={Lehman, M.M.},
  title={{Programs, Life Cycles, and Laws of Software Evolution}},
  journal={Proc. of the IEEE},
  year={1980},
  month={Sept},
  volume={68},
  number={9},
  pages={1060-1076},
  ISSN={0018-9219}
}

@article{bn-irpc-84,
  author = {Birrell, Andrew D. and Nelson, Bruce Jay},
  title = {{Implementing Remote Procedure Calls}},
  journal = {ACM Trans. Comput. Syst.},
  volume = {2},
  number = {1},
  month = {February},
  year = {1984},
  pages = {39--59},
  publisher = {ACM},
  address = {New York, NY, USA},
}


@article{w-rpcjr-98,
  author={Waldo, J.},
  title={Remote Procedure Calls and Java Remote Method Invocation},
  journal={Concurrency, IEEE},
  year={1998},
  month={Jul},
  volume={6},
  number={3},
  pages={5-7},
  ISSN={1092-3063},
}

@inproceedings{a-vspaa-67,
 author = {Amdahl, Gene M.},
 title = {{Validity of the Single Processor Approach to Achieving Large Scale Computing Capabilities}},
 booktitle = {Proc. of the April 18-20, 1967, Spring Joint Computer Conference},
 series = {AFIPS '67 (Spring)},
 year = {1967},
 location = {Atlantic City, New Jersey},
 pages = {483--485},
 numpages = {3},
 publisher = {ACM},
 address = {New York, NY, USA},
}

@inproceedings{ft-pdmwa-00,
 author = {Fielding, Roy T. and Taylor, Richard N.},
 title = {{Principled Design of the Modern Web Architecture}},
 booktitle = {{Proc. of the 22Nd International Conference on Software Engineering}},
 series = {ICSE '00},
 year = {2000},
 isbn = {1-58113-206-9},
 location = {Limerick, Ireland},
 pages = {407--416},
 numpages = {10},
 publisher = {ACM},
 address = {New York, NY, USA},
}

@article{nbgs-sppc-08,
 author = {Nickolls, John and Buck, Ian and Garland, Michael and Skadron, Kevin},
 title = {{Scalable Parallel Programming with CUDA}},
 journal = {Queue},
 volume = {6},
 number = {2},
 month = mar,
 year = {2008},
 issn = {1542-7730},
 pages = {40--53},
 numpages = {14},
 publisher = {ACM},
 address = {New York, NY, USA},
}

@article{ch-rcsss-02,
 author = {Compton, Katherine and Hauck, Scott},
 title = {{Reconfigurable Computing: A Survey of Systems and Software}},
 journal = {ACM Comput. Surv.},
 volume = {34},
 number = {2},
 month = jun,
 year = {2002},
 issn = {0360-0300},
 pages = {171--210},
 numpages = {40},
 publisher = {ACM},
 address = {New York, NY, USA},
}

@incollection{tdj-wdsdm-13,
  author={Tasharofi, Samira and Dinges, Peter and Johnson, Ralph E},
  title={{Why Do Scala Developers Mix the Actor Model with other Concurrency Models?}},
  booktitle={ECOOP 2013--Object-Oriented Programming},
  pages={302--326},
  year={2013},
  publisher={Springer},
  address = {Berlin, Heidelberg}
}

@incollection{ls-dsdta-04,
  author={Lindahl, Tobias and Sagonas, Konstantinos},
  title={{Detecting Software Defects in Telecom Applications Through Lightweight Static Analysis: A War Story}},
  year={2004},
  isbn={978-3-540-23724-2},
  booktitle={Programming Languages and Systems},
  volume={3302},
  series={Lecture Notes in Computer Science},
  editor={Chin, Wei-Ngan},
  publisher={Springer},
  pages={91-106},
  address = {Berlin, Heidelberg}
}

@inproceedings{sj-tyaar-11,
  author={Sirjani, Marjan and Jaghoori, Mohammad Mahdi},
  title={Ten Years of Analyzing Actors: Rebeca Experience},
  booktitle={Formal modeling},
  pages={20--56},
  year={2011},
  organization={Springer},
  address={Berlin Heidelberg}
}

@article{j-abtpe-12,
  author={Jeff, Brian},
  title={{Advances in big.LITTLE Technology for Power and Energy Savings}},
  journal={White Paper released by ARM},
  year={2012}
}

@inproceedings{fs-mmcdf-07,
 author = {Fredlund, Lars-\AAke and Svensson, Hans},
 title = {{McErlang: A Model Checker for a Distributed Functional Programming Language}},
 booktitle = {Proc. of the 12th ACM SIGPLAN International Conference on Functional Programming},
 series = {ICFP '07},
 year = {2007},
 isbn = {978-1-59593-815-2},
 location = {Freiburg, Germany},
 pages = {125--136},
 numpages = {12},
 publisher = {ACM},
 address = {New York, NY, USA},
}

@inproceedings{lkk-wspbi-12,
 author = {Lifflander, Jonathan and Krishnamoorthy, Sriram and Kale, Laxmikant V.},
 title = {{Work Stealing and Persistence-based Load Balancers for Iterative Overdecomposed Applications}},
 booktitle = {{Proc. of the 21st International Symposium on High-Performance Parallel and Distributed Computing}},
 series = {HPDC '12},
 year = {2012},
 isbn = {978-1-4503-0805-2},
 location = {Delft, The Netherlands},
 pages = {137--148},
 numpages = {12},
 publisher = {ACM},
 address = {New York, NY, USA},
}

@article{dm-oisas-98,
  author={Dagum, Leonardo and Menon, Ramesh},
  title={{OpenMP: an industry standard API for shared-memory programming}},
  journal={{Computational Science and Engineering, IEEE}},
  volume={5},
  number={1},
  pages={46--55},
  year={1998},
  publisher={IEEE}
}

@inproceedings{kwawk-degfg-14,
 author = {Krieder, Scott J. and Wozniak, Justin M. and Armstrong, Timothy and Wilde, Michael and Katz, Daniel S. and Grimmer, Benjamin and Foster, Ian T. and Raicu, Ioan},
 title = {{Design and Evaluation of the Gemtc Framework for GPU-enabled Many-task Computing}},
 booktitle = {{Proc. of the 23rd International Symposium on High-performance Parallel and Distributed Computing}},
 series = {HPDC '14},
 year = {2014},
 isbn = {978-1-4503-2749-7},
 location = {Vancouver, BC, Canada},
 pages = {153--164},
 numpages = {12},
 publisher = {ACM},
 address = {New York, NY, USA},
}

@article{opwsp-otssm-12,
 author = {Olivier, Stephen L and Porterfield, Allan K and Wheeler, Kyle B and Spiegel, Michael and Prins, Jan F},
 title = {{OpenMP Task Scheduling Strategies for Multicore NUMA Systems}},
 journal = {Int. J. High Perform. Comput. Appl.},
 volume = {26},
 number = {2},
 year = {2012},
 issn = {1094-3420},
 pages = {110--124},
 publisher = {Sage Publications, Inc.},
 address = {Thousand Oaks, CA, USA},
}

@inproceedings{kzt-imaum-05,
 author = {Kumar, Rakesh and Zyuban, Victor and Tullsen, Dean M.},
 title = {{Interconnections in Multi-Core Architectures: Understanding Mechanisms, Overheads and Scaling}},
 booktitle = {{Proc. of the 32Nd Annual International Symposium on Computer Architecture}},
 series = {ISCA '05},
 year = {2005},
 isbn = {0-7695-2270-X},
 pages = {408--419},
 numpages = {12},
 publisher = {IEEE Computer Society},
 address = {Washington, DC, USA},
}

@article{dhw-csma-97,
 author = {Dwork, Cynthia and Herlihy, Maurice and Waarts, Orli},
 title = {{Contention in Shared Memory Algorithms}},
 journal = {{J. ACM}},
 volume = {44},
 number = {6},
 month = nov,
 year = {1997},
 issn = {0004-5411},
 pages = {779--805},
 numpages = {27},
 publisher = {ACM},
 address = {New York, NY, USA},
}

@article{bjklr-cemrs-95,
 author = {Blumofe, Robert D. and Joerg, Christopher F. and Kuszmaul, Bradley C. and Leiserson, Charles E. and Randall, Keith H. and Zhou, Yuli},
 title = {{Cilk: An Efficient Multithreaded Runtime System}},
 journal = {{SIGPLAN Not.}},
 volume = {30},
 number = {8},
 year = {1995},
 issn = {0362-1340},
 pages = {207--216},
 publisher = {ACM},
 address = {New York, NY, USA},
}

@inproceedings{fs-pbosd-08,
 author = {Frias, Leonor and Singler, Johannes},
 title = {{Parallelization of Bulk Operations for STL Dictionaries}},
 booktitle = {{Proc. of the 2007 Conference on Parallel Processing}},
 series = {Euro-Par'07},
 year = {2008},
 isbn = {3-540-78472-1, 978-3-540-78472-2},
 location = {Rennes, France},
 pages = {49--58},
 numpages = {10},
 publisher = {Springer-Verlag},
 address = {Berlin, Heidelberg},
}

@inproceedings{abbss-dsxcb-07,
 author = {Agarwal, Shivali and Barik, Rajkishore and Bonachea, Dan and Sarkar, Vivek and Shyamasundar, Rudrapatna K. and Yelick, Katherine},
 title = {{Deadlock-free Scheduling of X10 Computations with Bounded Resources}},
 booktitle = {{Proc. of the Nineteenth Annual ACM Symposium on Parallel Algorithms and Architectures}},
 series = {SPAA '07},
 year = {2007},
 isbn = {978-1-59593-667-7},
 location = {San Diego, California, USA},
 pages = {229--240},
 numpages = {12},
 publisher = {ACM},
 address = {New York, NY, USA},
}

@book{r-itbbo-07,
  author={Reinders, James},
  title={{Intel Threading Building Blocks: Outfitting C++ for Multi-core Processor Parallelism}},
  year={2007},
  publisher={O'Reilly Media, Inc.},
  isbn={978-0596514808},
  address={Sebastopol, CA, USA}
}

@inproceedings{l-ccp-09,
 author = {Leiserson, Charles E.},
 title = {{The Cilk++ Concurrency Platform}},
 booktitle = {{Proc. of the 46th Annual Design Automation Conference}},
 series = {DAC '09},
 year = {2009},
 isbn = {978-1-60558-497-3},
 location = {San Francisco, California},
 pages = {522--527},
 numpages = {6},
 publisher = {ACM},
 address = {New York, NY, USA},
}

@inproceedings{b-qfpdt-05,
  author={Bellard, Fabrice},
  title={{QEMU, a Fast and Portable Dynamic Translator}},
  booktitle={{USENIX Annual Technical Conference, FREENIX Track}},
  pages={41--46},
  year={2005}
}

@inproceedings{ppacks-envl-09,
  title={{Extending Networking into the Virtualization Layer.}},
  author={{Pfaff, Ben and Pettit, Justin and Amidon, Keith and Casado, Martin and Koponen, Teemu and Shenker, Scott}},
  booktitle={Hotnets},
  year={2009}
}

@article{p-itbb-08,
  title={{Intel{\textregistered} threading building blocks}},
  author={{Pheatt, Chuck}},
  journal={{Journal of Computing Sciences in Colleges}},
  volume={23},
  number={4},
  pages={298--298},
  year={2008},
  publisher={Consortium for Computing Sciences in Colleges}
}

@inproceedings{d-jfjf-00,
  title={{A Java fork/join framework}},
  author={{Lea, Doug}},
  booktitle={{Proc. of the ACM 2000 conference on Java Grande}},
  pages={36--43},
  year={2000},
  organization={ACM}
}

@misc{c-cnpgo-11,
  author={CAPS},
  title={{Cray Inc., NVIDIA and the Portland Group. The OpenACC Application Programming Interface, v1.0}},
  year={2011},
  month={November}
}

@inproceedings{wstm-ofera-12,
 author = {Wienke, Sandra and Springer, Paul and Terboven, Christian and an Mey, Dieter},
 title = {{OpenACC: First Experiences with Real-world Applications}},
 booktitle = {{Proc. of the 18th International Conference on Parallel Processing}},
 series = {Euro-Par'12},
 year = {2012},
 isbn = {978-3-642-32819-0},
 location = {Rhodes Island, Greece},
 pages = {859--870},
 numpages = {12},
 publisher = {Springer-Verlag},
 address = {Berlin, Heidelberg},
}

@ARTICLE{lm-dppip-87,
  author={LeBlanc, T.J. and Mellor-Crummey, J.M.},
  title={{Debugging Parallel Programs with Instant Replay}},
  journal={{IEEE Transactions on Computers}},
  year={1987},
  month={April},
  volume={C-36},
  number={4},
  pages={471-482},
  issn={0018-9340},
}

@inproceedings{h-oiamm-12,
  author = {Haller, Philipp},
  title = {{On the Integration of the Actor Model in Mainstream Technologies: The Scala Perspective}},
  booktitle = {Proc. of the 2Nd Edition on Programming Systems, Languages and Applications Based on Actors, Agents, and Decentralized Control Abstractions},
  series = {AGERE! 2012},
  year = {2012},
  isbn = {978-1-4503-1630-9},
  location = {Tucson, Arizona, USA},
  pages = {1--6},
  numpages = {6},
  publisher = {ACM},
  address = {New York, NY, USA},
}

@article{stm-pamdt-14,
  author = {Christophe Scholliers and {\'E}ric Tanter and Wolfgang De Meuter},
  title = {{Parallel actor monitors: Disentangling task-level parallelism from data partitioning in the actor model}},
  journal = {Science of Computer Programming},
  volume = {80},
  pages = {52--64},
  year = {2014},
  issn = {0167-6423},
}

@article{is-itpa-12,
 author = {Imam, Shams M. and Sarkar, Vivek},
 title = {{Integrating Task Parallelism with Actors}},
 journal = {SIGPLAN Not.},
 volume = {47},
 number = {10},
 month = oct,
 year = {2012},
 issn = {0362-1340},
 pages = {753--772},
 publisher = {ACM},
 address = {New York, NY, USA},
}

@article{p-slpab-90,
 author = {Pugh, William},
 title = {{Skip Lists: A Probabilistic Alternative to Balanced Trees}},
 journal = {Commun. ACM},
 issue_date = {June 1990},
 volume = {33},
 number = {6},
 month = jun,
 year = {1990},
 issn = {0001-0782},
 pages = {668--676},
 numpages = {9},
 publisher = {ACM},
 address = {New York, NY, USA},
}

@inproceedings{gbrs-wahsp-09,
  author={Yi Guo and Barik, R. and Raman, R. and Sarkar, V.},
  title={{Work-First and Help-First Scheduling Policies for Async-Finish Task Parallelism}},
  booktitle={Parallel Distributed Processing, 2009. IPDPS 2009. IEEE International Symposium on},
  year={2009},
  pages={1-12},
  ISSN={1530-2075},
  month={May},
}

@inproceedings{jwt-taat-14,
  author = {He, Jiansen and Wadler, Philip and Trinder, Philip},
  title = {{Typecasting Actors: from Akka to TAkka}},
  booktitle = {Proc. of the 5th Annual Scala Workshop},
  series = {SCALA '14},
  year = {2014},
  isbn = {978-1-4503-2868-5},
  location = {Uppsala, Sweden},
  pages = {23--33},
  numpages = {11},
  publisher = {ACM},
  address = {New York, NY, USA},
}

@article{jf-drc-88,
  author={Johnson, Ralph E and Foote, Brian},
  title={{Designing Reusable Classes}},
  journal={Journal of Object-oriented Programming},
  volume={1},
  number={2},
  pages={22--35},
  year={1988}
}

@inproceedings{po-icesc-15,
 author = {Prokopec, Aleksandar and Odersky, Martin},
 title = {{Isolates, Channels, and Event Streams for Composable Distributed Programming}},
 booktitle = {2015 ACM International Symposium on New Ideas, New Paradigms, and Reflections on Programming and Software (Onward!)},
 series = {Onward! 2015},
 year = {2015},
 isbn = {978-1-4503-3688-8},
 location = {Pittsburgh, PA, USA},
 pages = {171--182},
 numpages = {12},
 publisher = {ACM},
 address = {New York, NY, USA},
}

@inproceedings{w-glrfe-10,
 author = {Wiger, Ulf T.},
 title = {Generic Load Regulation Framework for Erlang},
 booktitle = {Proc. of the 9th ACM SIGPLAN Workshop on Erlang},
 series = {Erlang '10},
 year = {2010},
 isbn = {978-1-4503-0253-1},
 location = {Baltimore, Maryland, USA},
 pages = {57--68},
 numpages = {12},
 publisher = {ACM},
 address = {New York, NY, USA},
}

@inproceedings{gfw-ts-99,
 author = {Ganz, Steven E. and Friedman, Daniel P. and Wand, Mitchell},
 title = {{Trampolined Style}},
 booktitle = {Proc. of the Fourth ACM SIGPLAN International Conference on Functional Programming},
 series = {ICFP '99},
 year = {1999},
 isbn = {1-58113-111-9},
 location = {Paris, France},
 pages = {18--27},
 numpages = {10},
 url = {http://doi.acm.org/10.1145/317636.317779},
 doi = {10.1145/317636.317779},
 acmid = {317779},
 publisher = {ACM},
 address = {New York, NY, USA},
}

@article{c-dstc-63,
 author = {Conway, Melvin E.},
 title = {{Design of a Separable Transition-diagram Compiler}},
 journal = {Commun. ACM},
 issue_date = {July 1963},
 volume = {6},
 number = {7},
 month = jul,
 year = {1963},
 issn = {0001-0782},
 pages = {396--408},
 numpages = {13},
 publisher = {ACM},
 address = {New York, NY, USA},
}

@inbook{cm-rlsia-06,
  author={Chin, Brian and Millstein, Todd},
  title={{Responders: Language Support for Interactive Applications}},
  editor={Thomas, Dave},
  bookTitle={ECOOP 2006 -- Object-Oriented Programming: 20th European Conference, Nantes, France, July 3-7, 2006. Proceedings},
  year={2006},
  publisher={Springer Berlin Heidelberg},
  address={Berlin, Heidelberg},
  pages={255--278},
  isbn={978-3-540-35727-8},
}

@book{d-dp-76,
  author={Edsger Wybe Dijkstra},
  title={{A Discipline of Programming}},
  volume={1},
  year={1976},
  publisher={Prentice Hall, Inc},
  isbn={978-0132158718},
  numpages={217}
}

@techreport{d-cfpt-00,
  author={D{\"a}cker, Bjarne},
  title={{Concurrent Functional Programming for Telecommunications: A Case Study of Technology Introduction}},
  year={2000},
  publisher={Royal Institute of Technology Stockholm, Sweden},
  issn={1403-5286}
}

@inproceedings{ah-cpuae-85,
 author = {Agha, Gul and Hewitt, Carl},
 title = {{Concurrent Programming Using Actors: Exploiting large-Scale Parallelism}},
 booktitle = {Proc. of the 5th Conference on Foundations of Software Technology and Theoretical Computer Science},
 year = {1985},
 isbn = {3-540-16042-6},
 pages = {19--41},
 numpages = {23},
 publisher = {Springer-Verlag},
 address = {London, UK, UK},
}

@incollection{h-cos-90,
  author = {Hewitt, Carl},
  chapter = {The Challenge of Open Systems},
  title = {The Foundation of Artificial Intelligence---a Sourcebook},
  editor = {Partridge, Derek and Wilks, Yorick},
  year = {1990},
  isbn = {0-521-35944-9},
  pages = {383--395},
  numpages = {13},
  publisher = {Cambridge University Press},
  address = {New York, NY, USA},
}

@inproceedings{h-cpl-08,
  author = {Hickey, Rich},
  title = {The Clojure Programming Language},
  booktitle = {Proc. of the 2008 Symposium on Dynamic Languages},
  series = {DLS '08},
  year = {2008},
  isbn = {978-1-60558-270-2},
  location = {Paphos, Cyprus},
  publisher = {ACM},
  address = {New York, NY, USA},
}

@techreport{oacem-ospl-04,
  author = {Martin Odersky and Philippe Altherr and Vincent Cremet and Burak Emir and Sebastian Maneth and St{\'e}phane Micheloud and Nikolay Mihaylov and Michael Schinz and Erik Stenman and Matthias Zenger},
  title = {{An Overview of the Scala Programming Language}},
  institution = {\'{E}cole polytechnique f\'{e}d\'{e}rale de Lausanne},
  address = {1015 Lausanne, Switzerland},
  number = {IC/2004/64},
  year = {2004}
}

@techreport{mro-dop-10,
  author={Ingo Maier and Tiark Rompf and Martin Odersky},
  title={{Deprecating the Observer Pattern}},
  institution = {\'{E}cole polytechnique f\'{e}d\'{e}rale de Lausanne},
  address = {1015 Lausanne, Switzerland},
  number = {148043},
  year={2010}
}

@inproceedings{spl-fapm-11,
  author = {Syme, Don and Petricek, Tomas and Lomov, Dmitry},
  title = {{The F\# Asynchronous Programming Model}},
  booktitle = {Proc. of the 13th International Conference on Practical Aspects of Declarative Languages},
  series = {PADL'11},
  year = {2011},
  isbn = {978-3-642-18377-5},
  location = {Austin, TX, USA},
  pages = {175--189},
  numpages = {15},
  publisher = {Springer-Verlag},
  address = {Berlin, Heidelberg},
}

@inproceedings{hbgsm-aime-73,
 author = {Hewitt, Carl and Bishop, Peter and Greif, Irene and Smith, Brian and Matson, Todd and Steiger, Richard},
 title = {{Actor Induction and Meta-evaluation}},
 booktitle = {Proc. of the 1st Annual ACM SIGACT-SIGPLAN Symposium on Principles of Programming Languages},
 series = {POPL '73},
 year = {1973},
 location = {Boston, Massachusetts},
 pages = {153--168},
 numpages = {16},
 publisher = {ACM},
 address = {New York, NY, USA},
}

@inproceedings{ah-sas-77,
 author = {Atkinson, Russell and Hewitt, Carl},
 title = {{Synchronization in Actor Systems}},
 booktitle = {Proc. of the 4th ACM SIGACT-SIGPLAN Symposium on Principles of Programming Languages},
 series = {POPL '77},
 year = {1977},
 location = {Los Angeles, California},
 pages = {267--280},
 numpages = {14},
 publisher = {ACM},
 address = {New York, NY, USA},
}

@inproceedings{gh-asp-75,
 author = {Greif, Irene and Hewitt, Carl},
 title = {{Actor Semantics of PLANNER-73}},
 booktitle = {Proc. of the 2Nd ACM SIGACT-SIGPLAN Symposium on Principles of Programming Languages},
 series = {POPL '75},
 year = {1975},
 location = {Palo Alto, California},
 pages = {67--77},
 numpages = {11},
 publisher = {ACM},
 address = {New York, NY, USA},
}

@inproceedings{yh-mds-77,
 author = {Akinori Yonezawa and Carl Hewitt},
 title = {Modelling Distributed Systems},
 booktitle = {In IJCAI-77},
 year = {1977},
 pages = {370--376},
 publisher = {IEEE}
}

@article{amst-fac-98,
 author = {Gul Agha and Ian A. Mason and Scott F. Smith and Carolyn L. Talcott},
 title = {A Foundation for Actor Computation},
 journal = {Journal of Functional Programming},
 year = {1998},
 volume = {7},
 pages = {1--72}
}

@article{h-oaos-86,
 author = {Hewitt, Carl},
 title = {{Offices Are Open Systems}},
 journal = {ACM Trans. Inf. Syst.},
 issue_date = {July 1986},
 volume = {4},
 number = {3},
 month = jul,
 year = {1986},
 issn = {1046-8188},
 pages = {271--287},
 numpages = {17},
 publisher = {ACM},
 address = {New York, NY, USA},
}

@article{wos-obiec-06,
  author = {Wu, Kesheng and Otoo, Ekow J. and Shoshani, Arie},
  title = {{Optimizing Bitmap Indices with Efficient Compression}},
  journal = {ACM Trans. Database Syst.},
  issue_date = {March 2006},
  volume = {31},
  number = {1},
  month = {March},
  year = {2006},
  pages = {1--38},
  numpages = {38},
  publisher = {ACM},
  address = {New York, NY, USA},
  keywords = {Compression, bitmap index, query processing},
}

@inproceedings{dp-plwah-10,
  author = {Deli\`{e}ge, Fran\c{c}ois and Pedersen, Torben Bach},
  title = {{Position List Word Aligned Hybrid: Optimizing Space and Performance for Compressed Bitmaps}},
  booktitle = {Proc. of the 13th International Conference on Extending Database Technology},
  series = {EDBT '10},
  year = {2010},
  month = {March},
  location = {Lausanne, Switzerland},
  pages = {228--239},
  numpages = {12},
  publisher = {ACM},
  address = {New York, NY, USA},
}

@inproceedings{snl-ralri-16,
  author={J. P. Stauffert and F. Niebling and M. E. Latoschik},
  title={{Reducing Application-Stage Latencies For Real-Time Interactive Systems}},
  booktitle={9th Workshop on Software Engineering and Architectures for Realtime Interactive Systems (SEARIS)},
  year={2016},
  pages={1-7},
  month={March},
  location={Red Hook, NY, USA},
  publisher={IEEE Computer Society}
}
@article{h-vcspp-77,
  author={Hewitt, Carl},
  title={{Viewing Control Structures as Patterns of Passing Messages}},
  journal={Artificial intelligence},
  volume={8},
  number={3},
  pages={323--364},
  year={1977},
  publisher={Elsevier}
}

@Inbook{cgss-dtpgw-13,
author={Chatterjee, Sanjay and Grossman, Max and Sb{\^i}rlea, Alina and Sarkar, Vivek},
title={{Dynamic Task Parallelism with a GPU Work-Stealing Runtime System}},
booktitle={Languages and Compilers for Parallel Computing: 24th International Workshop, LCPC 2011, Fort Collins, CO, USA, September 8-10, 2011. Revised Selected Papers},
year={2013},
publisher={Springer Berlin Heidelberg},
pages={203--217},
address={Berlin, Heidelberg},
}

@article{twl-wssxt-12,
author = {Tardieu, Olivier and Wang, Haichuan and Lin, Haibo},
title = {{A Work-stealing Scheduler for X10's Task Parallelism with Suspension}},
journal = {SIGPLAN Not.},
volume = {47},
number = {8},
year = {2012},
pages = {267--276},
publisher = {ACM},
address = {New York, NY, USA},
}

@article{cmttb-esdes-17,
author={N. Chechina and K. MacKenzie and S. Thompson and P. Trinder and O. Boudeville and V. Fordos and C. Hoch and A. Ghaffari and M. Moro Hernandez},
title={{Evaluating Scalable Distributed Erlang for Scalability and Reliability}},
journal={IEEE Transactions on Parallel and Distributed Systems},
year={2017},
volume={PP},
number={99},
pages={1-1},
}

@article{clgtt-inse-16,
  title={Improving the network scalability of Erlang},
  author={Chechina, Natalia and Li, Huiqing and Ghaffari, Amir and Thompson, Simon and Trinder, Phil},
  journal={Journal of Parallel and Distributed Computing},
  volume={90},
  pages={22--34},
  year={2016},
  publisher={Elsevier}
}

@article{nkb-elbwd-01,
author = {van Nieuwpoort, Rob V. and Kielmann, Thilo and Bal, Henri E.},
title = {{Efficient Load Balancing for Wide-area Divide-and-conquer Applications}},
journal = {SIGPLAN Not.},
volume = {36},
pages = {34--43},
number = {7},
year = {2001},
issn = {0362-1340},
publisher = {ACM},
address = {New York, NY, USA},
}

@article{sks-ldlds-92,
author = {Shivaratri, Niranjan G. and Krueger, Phillip and Singhal, Mukesh},
title={{Load Distributing for Locally Distributed Systems}},
journal = {Computer},
volume = {25},
number = {12},
year = {1992},
issn = {0018-9162},
pages = {33--44},
publisher = {IEEE Computer Society Press},
address = {Los Alamitos, CA, USA},
}

@inproceedings{abb-dlws-00,
author = {Acar, Umut A. and Blelloch, Guy E. and Blumofe, Robert D.},
title = {{The Data Locality of Work Stealing}},
booktitle = {Proc. of the 12th Annual ACM Symposium on Parallel Algorithms and Architectures},
series = {SPAA '00},
year = {2000},
pages = {1--12},
publisher = {ACM},
address = {New York, NY, USA},
}

@inproceedings{qw-hws-10,
author = {Quintin, Jean-No\"{e}l and Wagner, Fr{\'e}d{\'e}ric},
title = {{Hierarchical Work-stealing}},
booktitle = {Proc. of the 16th International Euro-Par Conference on Parallel Processing: Part I},
series = {EuroPar'10},
year = {2010},
pages = {217--229},
publisher = {Springer-Verlag},
address = {Berlin, Heidelberg},
}

@inproceedings{pcgj-dkip-06,
author={M. Pericas and A. Cristal and R. Gonzalez and D. A. Jimenez and M. Valero},
title={{A decoupled KILO-instruction processor}},
booktitle={The 12th International Symposium on High-Performance Computer Architecture, 2006.},
year={2006},
pages={53-64},
month={Feb},
publisher = {Springer-Verlag},
address = {Berlin, Heidelberg},
}

@article{k-iclls-92,
author = {Johnson, Kirk L.},
title = {{The Impact of Communication Locality on Large-scale Multiprocessor Performance}},
journal = {SIGARCH Comput. Archit. News},
volume = {20},
number = {2},
year = {1992},
pages = {392--402},
publisher = {ACM},
address = {New York, NY, USA},
}

@inproceedings{thm-tsahp-99,
author={H. Topcuoglu and S. Hariri and Min-You Wu},
title={{Task Scheduling Algorithms for Heterogeneous Processors}},
booktitle={Heterogeneous Computing Workshop, 1999. (HCW '99) Proceedings. 8th},
year={1999},
pages={3-14},
publisher = {IEEE Computer Society},
address = {Washington, DC, USA},
}

@article{ac-csjss-91,
author={Applegate, David and Cook, William},
title={{A Computational Study of the Job-Shop Scheduling Problem}},
journal={ORSA Journal on computing},
volume={3},
number={2},
pages={149--156},
year={1991},
publisher={INFORMS}
}

@article{gldff-cmmmn-15,
author = {Gaud, Fabien and Lepers, Baptiste and Funston, Justin and Dashti, Mohammad and Fedorova, Alexandra and Qu{\'e}ma, Vivien and Lachaize, Renaud and Roth, Mark},
title = {{Challenges of Memory Management on Modern NUMA Systems}},
journal = {Commun. ACM},
volume = {58},
number = {12},
year = {2015},
pages = {59--66},
publisher = {ACM},
}

@inproceedings{fgm-asmhm-13,
author = {Francesquini, Emilio and Goldman, Alfredo and M{\'e}haut, Jean-Fran\c{c}ois},
title = {{Actor Scheduling for Multicore Hierarchical Memory Platforms}},
booktitle = {Proc. of the 12th ACM SIGPLAN Workshop on Erlang},
series = {Erlang '13},
year = {2013},
pages = {51--62},
publisher = {ACM},
address = {New York, NY, USA},
}

@inproceedings{wzlzl-olbdl-14,
author={K. Wang and X. Zhou and T. Li and D. Zhao and M. Lang and I. Raicu},
title={{Optimizing Load Balancing and Data-Locality with Data-aware Scheduling}},
booktitle={2014 IEEE International Conference on Big Data},
year={2014},
pages={119--128},
publisher = {IEEE},
address = {Washington, DC, USA }
}

@misc{pd-ppl-17,
author = {{Pony Developers}},
title = {{Pony Programming Language}},
year = {2017},
month = {August},
howpublished = {\url{www.ponylang.org}},
}


@misc{c-ehp-17,
author = {{Sylvan Clebsch}},
title = {{An Early History of Pony}},
year = {2017},
month = {May},
howpublished = {\url{https://www.ponylang.io/blog/2017/05/an-early-history-of-pony/}},
}

@misc{sd-sslfp-17,
author = {{Scalaz Developers}},
title = {{Scalaz: Scala Library for Functional Programming}},
howpublished = {https://github.com/scalaz},
note = {Accessed: 2017-07-18},
}

@inproceedings{is-hjljf-14,
 author = {Imam, Shams and Sarkar, Vivek},
 title = {{Habanero-Java Library: A Java 8 Framework for Multicore Programming}},
 booktitle = {PPPJ},
 year = {2014},
 pages = {75--86},
 publisher = {ACM},
}

@inproceedings{cdbm-dcsfa-2015,
 author = {Clebsch, Sylvan and Drossopoulou, Sophia and Blessing, Sebastian and McNeil, Andy},
 title = {{Deny Capabilities for Safe, Fast Actors}},
 booktitle = {Proc. of the 5th International Workshop on Programming Based on Actors, Agents, and Decentralized Control},
 series = {AGERE! 2015},
 year = {2015},
 pages = {1--12},
 publisher = {ACM},
 address = {New York, NY, USA},
}

@mastersthesis{b-asp-13,
 author = {Blessing, Sebastian},
 title = {{A String of Ponies}},
 year = {2013},
 month = {September},
 school = {{Imperial College London}},
 note = {\url{http://www.doc.ic.ac.uk/teaching/distinguished-projects/2013/s.blessing.pdf}},
}

@article{d-lp-05,
 author = {Denning, Peter J.},
 title = {{The Locality Principle}},
 journal = {Commun. ACM},
 volume = {48},
 number = {7},
 year = {2005},
 pages = {19--24},
 publisher = {ACM},
 address = {New York, NY, USA},
}

@inproceedings{hs-aajww-17,
 author = {Harvey, Paul and Sventek, Joseph},
 title = {{Adaptable Actors: Just What The World Needs}},
 booktitle = {Proceedings of the 9th Workshop on Programming Languages and Operating Systems},
 series = {PLOS'17},
 year = {2017},
 location = {Shanghai, China},
 pages = {22--28},
 numpages = {7},
 publisher = {ACM},
 address = {New York, NY, USA},
}

@inproceedings{bcd-ttcmd-17,
 author = {Blessing, Sebastian and Clebsch, Sylvan and Drossopoulou, Sophia},
 title = {{Tree Topologies for Causal Message Delivery}},
 booktitle = {Proceedings of the 7th ACM SIGPLAN International Workshop on Programming Based on Actors, Agents, and Decentralized Control},
 series = {AGERE 2017},
 year = {2017},
 location = {Vancouver, BC, Canada},
 pages = {1--10},
 numpages = {10},
 publisher = {ACM},
 address = {New York, NY, USA},
}

@inproceedings{sf-pdeap-07,
  author = {Svensson, Hans and Fredlund, Lars-{\AA}ke},
  title = {{Programming Distributed Erlang Applications: Pitfalls and Recipes}},
  booktitle = {Proceedings of the 2007 SIGPLAN Workshop on ERLANG Workshop},
  series = {ERLANG '07},
  year = {2007},
  location = {Freiburg, Germany},
  pages = {37--42},
  numpages = {6},
  acmid = {1292527},
  publisher = {ACM},
  address = {New York, NY, USA},
  keywords = {distribution, message passing},
}

@techreport{bbgkt-odvap-14,
  author = {Philip A. Bernstein and Sergey Bykov and Alan Geller and Gabriel Kliot and Jorgen Thelin},
  title = {{Orleans: Distributed Virtual Actors for Programmability and Scalability}},
  institution = {Microsoft},
  number = {MSR-TR-2014-41},
  url = {http://research.microsoft.com/apps/pubs/default.aspx?id=210931},
  year = {2014},
  month = {March},
}

@inproceedings{sv-psaam-15,
  author = {Travis Desell and Carlos A. Varela},
  title = {{A Performance and Scalability Analysis of Actor Message Passing and Migration in SALSA Lite}},
  booktitle = {Agere Workshop at ACM SPLASH 2015 Conference},
  year = 2015,
  month = {October},
}

@techreport{wwwk-ndc-94,
  author = {Kendall, Samuel C. and Waldo, Jim and Wollrath, Ann and Wyant, Geoff},
  title = {{A Note on Distributed Computing}},
  year = {1994},
  publisher = {Sun Microsystems, Inc.},
  address = {Mountain View, CA, USA},
  url = {http://dl.acm.org/citation.cfm?id=974938},
}

@article{flp-idcof-85,
  author = {Fischer, Michael J. and Lynch, Nancy A. and Paterson, Michael S.},
  title = {{Impossibility of Distributed Consensus with One Faulty Process}},
  journal = {J. ACM},
  issue_date = {April 1985},
  volume = {32},
  number = {2},
  month = apr,
  year = {1985},
  issn = {0004-5411},
  pages = {374--382},
  numpages = {9},
  url = {http://doi.acm.org/10.1145/3149.214121},
  doi = {10.1145/3149.214121},
  acmid = {214121},
  publisher = {ACM},
  address = {New York, NY, USA},
}

@inproceedings{bms-ipeaf-02,
  author = {Bertier, Marin and Marin, Olivier and Sens, Pierre},
  title = {{Implementation and Performance Evaluation of an Adaptable Failure Detector}},
  booktitle = {{Proceedings of the 2002 International Conference on Dependable Systems and Networks}},
  series = {DSN '02},
  year = {2002},
  isbn = {0-7695-1597-5},
  pages = {354--363},
  numpages = {10},
  url = {http://dl.acm.org/citation.cfm?id=647883.738261},
  publisher = {IEEE Computer Society},
  address = {Washington, DC, USA},
}

@inproceedings{duhk-pafd-04,
  author = {Hayashibara, Naohiro and Defago, Xavier and Yared, Rami and Katayama, Takuya},
  title = {{The $\phi$ Accrual Failure Detector}},
  booktitle = {Proceedings of the 23rd IEEE International Symposium on Reliable Distributed Systems},
  series = {SRDS '04},
  year = {2004},
  isbn = {0-7695-2239-4},
  pages = {66--78},
  numpages = {13},
  publisher = {IEEE Computer Society},
  address = {Washington, DC, USA},
}

@article{ct-ufdrd-96,
  author = {Chandra, Tushar Deepak and Toueg, Sam},
  title = {{Unreliable Failure Detectors for Reliable Distributed Systems}},
  journal = {J. ACM},
  issue_date = {March 1996},
  volume = {43},
  number = {2},
  month = mar,
  year = {1996},
  pages = {225--267},
  numpages = {43},
  url = {http://doi.acm.org/10.1145/226643.226647},
  publisher = {ACM},
  address = {New York, NY, USA},
}

@article{l-tcoed-78,
  author = {Lamport, Leslie},
  title = {{Time, Clocks, and the Ordering of Events in a Distributed System}},
  journal = {Commun. ACM},
  issue_date = {July 1978},
  volume = {21},
  number = {7},
  month = jul,
  year = {1978},
  pages = {558--565},
  numpages = {8},
  url = {http://doi.acm.org/10.1145/359545.359563},
  publisher = {ACM},
  address = {New York, NY, USA},
}

@inproceedings{m-vtgsd-89,
  author = {Friedemann Mattern},
  title = {{Virtual Time and Global States of Distributed Systems}},
  booktitle = {Parallel and Distributed Algorithms},
  year = {1989},
  pages = {215--226},
  publisher = {North-Holland}
}

@article{bss-lcagm-91,
  author = {Birman, Kenneth and Schiper, Andr{\'e} and Stephenson, Pat},
  title = {{Lightweight Causal and Atomic Group Multicast}},
  journal = {ACM Trans. Comput. Syst.},
  issue_date = {Aug. 1991},
  volume = {9},
  number = {3},
  month = aug,
  year = {1991},
  issn = {0734-2071},
  pages = {272--314},
  numpages = {43},
  publisher = {ACM},
  address = {New York, NY, USA},
}

@inbook{ses-anaic-89,
  author = {Schiper, Andr{\'e} and Eggli, Jorge and Sandoz, Alain},
  editor = {Bermond, Jean-Claude and Raynal, Michel},
  title = {{A new algorithm to implement causal ordering}},
  booktitle = {{Distributed Algorithms}},
  year = {1989},
  publisher = {Springer Berlin Heidelberg},
  address = {Berlin, Heidelberg},
  pages = {219--232},
}

@inproceedings{ammac-fmomu-93,
  author = {Y. Amir and L. E. Moser and P. M. Melliar-Smith and D. A. Agarwal and P. Ciarfella},
  booktitle={13th Int. Conf. on Distributed Computing Systems},
  title = {{Fast Message Ordering and Membership Using a Logical Token-passing Ring}},
  series = {ICDCS '93},
  year = {1993},
  pages = {551--560},
  publisher = {IEEE Computer Society},
  address = {Washington, DC, USA}
}

@misc{w-acmod,
  author = {Paul A. S. Ward},
  title = {{Algorithms for Causal Message Ordering in Distributed Systems}},
  year = {},
  url = {http://citeseerx.ist.psu.edu/viewdoc/download?doi=10.1.1.92.1137&rep=rep1&type=pdf},
  accessed = {June 2016}
}

@article{b-cslcd-91,
  author = {Charron-Bost, Bernadette},
  title = {{Concerning the Size of Logical Clocks in Distributed Systems}},
  journal = {Inf. Process. Lett.},
  issue_date = {July 12, 1991},
  volume = {39},
  number = {1},
  month = jul,
  year = {1991},
  pages = {11--16},
  numpages = {6},
  url = {http://dx.doi.org/10.1016/0020-0190(91)90055-M},
  doi = {10.1016/0020-0190(91)90055-M},
  publisher = {Elsevier North-Holland, Inc.},
  address = {Amsterdam, The Netherlands, The Netherlands},
  keywords = {causality, distributed computing clock, logical time, partially ordered sets},
}

@inproceedings{as-rcmom-95,
  author = {Adelstein, F. and Singhal, M.},
  title = {{Real-time Causal Message Ordering in Multimedia Systems}},
  booktitle = {Proceedings of the 15th International Conference on Distributed Computing Systems},
  series = {ICDCS '95},
  year = {1995},
  pages = {36--43},
  url = {http://dl.acm.org/citation.cfm?id=876885.880042},
  publisher = {IEEE Computer Society},
  address = {Washington, DC, USA},
}

@manual{t-asd-15,
  author = {{Lightbend Inc.}},
  title = {{Akka Scala Documentation Release 2.4.1}},
  note = {\url{http://doc.akka.io/docs/akka/current/AkkaScala.pdf}, Accessed: 09-02-2016},
  year = {2015},
  month = {Nov}
}

@manual{l-asd-18,
  author={{Lightbend Inc.}},
  title = {{Akka Documentation}},
  note = {\url{https://doc.akka.io/docs/akka/current/}, accessed 23-08-2018},
  year = {2018},
  month = {Aug},
}

@article{cta-oqsfd-02,
  author = {Chen, Wei and Toueg, Sam and Aguilera, Marcos Kawazoe},
  title = {{On the Quality of Service of Failure Detectors}},
  journal = {IEEE Trans. Comput.},
  issue_date = {May 2002},
  volume = {51},
  number = {5},
  month = may,
  year = {2002},
  issn = {0018-9340},
  pages = {561--580},
  numpages = {20},
  url = {http://dx.doi.org/10.1109/TC.2002.1004595},
  publisher = {IEEE Computer Society},
  address = {Washington, DC, USA},
}

@inproceedings{frt-afdp-01,
  author={C. Fetzer and M. Raynal and F. Tronel},
  booktitle={{Dependable Computing, 2001. Proceedings. 2001 Pacific Rim International Symposium on}},
  title={{An Adaptive Failure Detection Protocol}},
  year={2001},
  pages={146-153},
  doi={10.1109/PRDC.2001.992691},
  month={}
}

@inproceedings{sptu-lmahs-08,
  author = {Satzger, Benjamin and Pietzowski, Andreas and Trumler, Wolfgang and Ungerer, Theo},
  title = {{A Lazy Monitoring Approach for Heartbeat-Style Failure Detectors}},
  booktitle = {Third Int. Conf. on Availability, Reliability and Security},
  series = {ARES '08},
  year = {2008},
  pages = {404--409},
  numpages = {6},
  publisher = {IEEE Computer Society},
  address = {Washington, DC, USA},
}

@inproceedings{lblur-opmps-16,
  author = {Yuheng Long and Mehdi Bagherzadeh and Eric Lin and Ganesha Upadhyaya and Hridesh Rajan},
  title = {{On Ordering Problems in Message Passing Software}},
  booktitle = {Modularity'16: 15th International Conference on Modularity},
  series = {Modularity'16},
  location = {Malaga, Spain},
  month = {March},
  year = {2016},
  url = {http://design.cs.iastate.edu/papers/MODULARITY16a}
}

@inproceedings{tmmsm-rmlcu-18,
  author    = {Massimo Torquati and Tullio Menga and Tiziano De Matteis and Daniele De Sensi and Gabriele Mencagli},
  title     = {{Reducing Message Latency and CPU Utilization in the CAF Actor Framework}},
  booktitle = {26th Euromicro Int. Conf. on Parallel, Distributed and Network-based Processing, PDP 2018},
  pages     = {145--153},
  year      = {2018},
  publisher = {IEEE Computer Society},
  address = {Washington, DC, USA}
}

@article{h-csp-78,
  author = {Hoare, C. A. R.},
  title = {{Communicating Sequential Processes}},
  journal = {Commun. ACM},
  volume = {21},
  number = {8},
  month = {Aug},
  year = {1978},
  issn = {0001-0782},
  pages = {666--677},
  numpages = {12},
  publisher = {ACM},
  address = {New York, NY, USA},
}

@misc{rsi-rsasp-16,
  author = {{Reactive Streams Initiative}},
  title = {{Reactive Streams: Asynchronous Stream Processing with Non-blocking Back Pressure}},
  howpublished = {\url{http://www.reactive-streams.org/}},
  note = {Accessed: 2018-11-21},
}

@inproceedings{wh-frpfp-00,
  author = {Wan, Zhanyong and Hudak, Paul},
  title = {{Functional Reactive Programming from First Principles}},
  booktitle = {Proceedings of the ACM SIGPLAN 2000 Conference on Programming Language Design and Implementation},
  series = {PLDI '00},
  year = {2000},
  isbn = {1-58113-199-2},
  location = {Vancouver, British Columbia, Canada},
  pages = {242--252},
  numpages = {11},
  publisher = {ACM},
  address = {New York, NY, USA},
}

@inproceedings{eh-fra-97,
  author = {Elliott, Conal and Hudak, Paul},
  title = {{Functional Reactive Animation}},
  booktitle = {Proceedings of the Second ACM SIGPLAN International Conference on Functional Programming},
  series = {ICFP '97},
  year = {1997},
  isbn = {0-89791-918-1},
  location = {Amsterdam, The Netherlands},
  pages = {263--273},
  numpages = {11},
  publisher = {ACM},
  address = {New York, NY, USA},
}

@inbook{m-rr-16,
  author={Maglie, Andrea},
  title={{ReactiveX and RxJava}},
  bookTitle={{Reactive Java Programming}},
  year={2016},
  publisher={Apress},
  address={Berkeley, CA},
  pages={1--9},
  isbn={978-1-4842-1428-2},
}

@ARTICLE{s-sdi-12,
  author={B. Stroustrup},
  journal={Computer},
  title={{Software Development for Infrastructure}},
  year={2012},
  volume={45},
  number={1},
  pages={47-58},
  ISSN={0018-9162},
  month={Jan},
}

@inproceedings{cd-fcgca-13,
  author={Clebsch, Sylvan and Drossopoulou, Sophia},
  title={{Fully Concurrent Garbage Collection of Actors on Many-core Machines}},
  booktitle={ACM SIGPLAN Notices},
  volume={48},
  number={10},
  pages={553--570},
  year={2013},
  organization={ACM}
}

@article{c-fstt-40,
  author={Church, Alonzo},
  title={{A Formulation of the Simple Theory of Types}},
  journal={The journal of symbolic logic},
  volume={5},
  number={2},
  pages={56--68},
  year={1940},
  publisher={Cambridge University Press}
}

@article{c-fcl-34,
  author={Curry, Haskell B},
  title={{Functionality in Combinatory Logic}},
  journal={Proceedings of the National Academy of Sciences of the United States of America},
  volume={20},
  number={11},
  pages={584},
  year={1934},
  publisher={National Academy of Sciences}
}

@article{s-esr-84,
  author={Standish, Thomas A},
  title={{An Essay on Software Reuse}},
  journal={IEEE Transactions on Software Engineering},
  number={5},
  pages={494--497},
  year={1984},
  publisher={IEEE}
}

@article{al-cs-93,
 author = {Abadi, Mart\'{\i}n and Lamport, Leslie},
 title = {{Composing Specifications}},
 journal = {ACM Trans. Program. Lang. Syst.},
 issue_date = {Jan. 1993},
 volume = {15},
 number = {1},
 month = jan,
 year = {1993},
 issn = {0164-0925},
 pages = {73--132},
 numpages = {60},
 publisher = {ACM},
 address = {New York, NY, USA},
}

@techreport{iso-posix-09,
  author={ISO},
  title={{IEC/IEEE 9945: 2009 Information technology--Portable Operating System Interface (POSIX) Base Specifications, Issue 7}},
  institution = {International Organization for Standardization},
  address = {Geneva, Switzerland},
  year={2009}
}

@inproceedings{dsmm-druad-14,
 author = {Drechsler, Joscha and Salvaneschi, Guido and Mogk, Ragnar and Mezini, Mira},
 title = {{Distributed REScala: An Update Algorithm for Distributed Reactive Programming}},
 booktitle = {Proceedings of the 2014 ACM International Conference on Object Oriented Programming Systems Languages \& Applications},
 series = {OOPSLA '14},
 year = {2014},
 isbn = {978-1-4503-2585-1},
 location = {Portland, Oregon, USA},
 pages = {361--376},
 numpages = {16},
 publisher = {ACM},
 address = {New York, NY, USA},
}

@article{jhm-adpl-04,
 author = {Johnston, Wesley M. and Hanna, J. R. Paul and Millar, Richard J.},
 title = {{Advances in Dataflow Programming Languages}},
 journal = {ACM Comput. Surv.},
 issue_date = {March 2004},
 volume = {36},
 number = {1},
 month = mar,
 year = {2004},
 issn = {0360-0300},
 pages = {1--34},
 numpages = {34},
 publisher = {ACM},
 address = {New York, NY, USA},
}

@book{h-zmma-13,
  author = {Hintjens, Pieter},
  title = {{ZeroMQ: Messaging for Many Applications}},
  year = {2013},
  publisher = {O'Reilly Media, Inc.},
  address = {Sebastopol, CA},
  isbn = {9781449334062},
}

@article{b-od-82,
  author = {Booch, Grady},
  title = {{Object-oriented Design}},
  journal = {Ada Letters},
  issue_date = {March/April 1982},
  volume = {I},
  number = {3},
  month = mar,
  year = {1982},
  issn = {1094-3641},
  pages = {64--76},
  numpages = {13},
  publisher = {ACM},
  address = {New York, NY, USA},
}

@inproceedings{dmn-sfsl-68,
  author = {Dahl, Ole-Johan and Myhrhaug, BJ{\o}rn and Nygaard, Kristen},
  title = {Some Features of the SIMULA 67 Language},
  booktitle = {Proceedings of the Second Conference on Applications of Simulations},
  year = {1968},
  location = {New York, New York, USA},
  pages = {29--31},
  numpages = {3},
  publisher = {Winter Simulation Conference},
}

@book{gr-sli-83,
  author = {Goldberg, Adele and Robson, David},
  title = {{Smalltalk-80: The Language and Its Implementation}},
  year = {1983},
  isbn = {0-201-11371-6},
  publisher = {Addison-Wesley Longman Publishing Co., Inc.},
  address = {Boston, MA, USA},
}

@misc{k-omop-03,
  author = {Kay, Alan},
  title = {{On the Meaning of Object-Oriented Programming}},
  year = {2003},
  howpublished = {\url{http://www.purl.org/stefan_ram/pub/doc_kay_oop_en}},
  note = {Online; accessed March 3, 2019},
}

@book{h-ph-07,
  author = {Hutton, Graham},
  title = {Programming in Haskell},
  year = {2007},
  isbn = {0521871727, 9780521871723},
  publisher = {Cambridge University Press},
  address = {New York, NY, USA},
}

@proceedings{ajs-cspy-05,
  editor    = {Ali E. Abdallah and Cliff B. Jones and Jeff W. Sanders},
  title     = {{Communicating Sequential Processes. The First 25 Years}},
  series    = {Lecture Notes in Computer Science},
  volume    = {3525},
  publisher = {Springer},
  year      = {2005},
  isbn      = {978-3-540-25813-1},
}

@book{m-cmspc-99,
  author    = {Robin Milner},
  title     = {{Communicating and Mobile Systems - The Pi-Calculus}},
  publisher = {Cambridge University Press},
  year      = {1999},
  isbn      = {978-0-521-65869-0},
}

@book{jg-po-89,
  author = {Jones, Geraint A. and Goldsmith, M.},
  title = {{Programming in OCCAM}},
  year = {1989},
  isbn = {0-137-30334-3},
  edition = {2nd},
  publisher = {Prentice Hall Professional Technical Reference},
}

@book{dk-gpl-15,
  author = {Donovan, Alan A.A. and Kernighan, Brian W.},
  title = {{The Go Programming Language}},
  year = {2015},
  isbn = {9780134190440},
  edition = {1st},
  publisher = {Addison-Wesley Professional},
}

@article{c-tmocp-93,
  author = {Caromel, Denis},
  title = {{Toward a Method of Object-oriented Concurrent Programming}},
  journal = {Commun. ACM},
  issue_date = {Sept. 1993},
  volume = {36},
  number = {9},
  month = sep,
  year = {1993},
  issn = {0001-0782},
  pages = {90--102},
  numpages = {13},
  publisher = {ACM},
  address = {New York, NY, USA},
}

@article{bgl-cdop-98,
  author = {Briot, Jean-Pierre and Guerraoui, Rachid and Lohr, Klaus-Peter},
  title = {{Concurrency and Distribution in Object-oriented Programming}},
  journal = {ACM Comput. Surv.},
  issue_date = {Sept. 1998},
  volume = {30},
  number = {3},
  month = sep,
  year = {1998},
  issn = {0360-0300},
  pages = {291--329},
  numpages = {39},
  publisher = {ACM},
  address = {New York, NY, USA},
}

@incollection{ls-aoobp-96,
  author = {Lavender, R. Greg and Schmidt, Douglas C.},
  chapter = {{Active Object: An Object Behavioral Pattern for Concurrent Programming}},
  title = {Pattern Languages of Program Design 2},
  editor = {Vlissides, John M. and Coplien, James O. and Kerth, Norman L.},
  year = {1996},
  isbn = {0-201-895277},
  pages = {483--499},
  numpages = {17},
  publisher = {Addison-Wesley Longman Publishing Co., Inc.},
  address = {Boston, MA, USA},
}

@article{t-ced-18,
  author = {Tedre, Matti},
  title = {{Computing As an Evolving Discipline}},
  journal = {XRDS},
  issue_date = {Fall 2018},
  volume = {25},
  number = {1},
  month = oct,
  year = {2018},
  issn = {1528-4972},
  pages = {18--21},
  numpages = {4},
  publisher = {ACM},
  address = {New York, NY, USA},
}

@article{r-sdlm-10,
  author = {Ruparelia, Nayan B.},
  title = {{Software Development Lifecycle Models}},
  journal = {SIGSOFT Softw. Eng. Notes},
  issue_date = {May 2010},
  volume = {35},
  number = {3},
  month = may,
  year = {2010},
  issn = {0163-5948},
  pages = {8--13},
  numpages = {6},
  publisher = {ACM},
  address = {New York, NY, USA},
}

@inproceedings{cls-sffls-07,
  author = {Coutts, Duncan and Leshchinskiy, Roman and Stewart, Don},
  title = {{Stream Fusion: From Lists to Streams to Nothing at All}},
  booktitle = {Proceedings of the 12th ACM SIGPLAN International Conference on Functional Programming},
  series = {ICFP '07},
  year = {2007},
  isbn = {978-1-59593-815-2},
  location = {Freiburg, Germany},
  pages = {315--326},
  numpages = {12},
  publisher = {ACM},
  address = {New York, NY, USA},
}

@inproceedings{clpkm-dphsr-07,
  author = {Chakravarty, Manuel M. T. and Leshchinskiy, Roman and Peyton Jones, Simon and Keller, Gabriele and Marlow, Simon},
  title = {{Data Parallel Haskell: A Status Report}},
  booktitle = {Proceedings of the 2007 Workshop on Declarative Aspects of Multicore Programming},
  series = {DAMP '07},
  year = {2007},
  isbn = {978-1-59593-690-5},
  location = {Nice, France},
  pages = {10--18},
  numpages = {9},
  publisher = {ACM},
  address = {New York, NY, USA},
}

@article{bhr-tcsp-84,
  author = {Brookes, S. D. and Hoare, C. A. R. and Roscoe, A. W.},
  title = {{A Theory of Communicating Sequential Processes}},
  journal = {J. ACM},
  issue_date = {July 1984},
  volume = {31},
  number = {3},
  month = jun,
  year = {1984},
  issn = {0004-5411},
  pages = {560--599},
  numpages = {40},
  publisher = {ACM},
  address = {New York, NY, USA},
}

@book{rs-maspc-00,
  author = {Ryan, P. and Schneider, S.},
  title = {{The Modelling and Analysis of Security Protocols: The CSP Approach}},
  year = {2000},
  isbn = {0-201-67471-8},
  edition = {First},
  publisher = {Addison-Wesley Professional},
}

@article{rr-tmcsp-88,
  author = {Reed, G. M. and Roscoe, A. W.},
  title = {{A Timed Model for Communicating Sequential Processes}},
  journal = {Theor. Comput. Sci.},
  issue_date = {June 1988},
  volume = {58},
  number = {1-3},
  month = jun,
  year = {1988},
  issn = {0304-3975},
  pages = {249--261},
  numpages = {13},
  publisher = {Elsevier Science Publishers Ltd.},
  address = {Essex, UK},
}

@inproceedings{jo-acmdc-04,
  author = {Johnsen, Einar Broch and Owe, Olaf},
  title = {An Asynchronous Communication Model for Distributed Concurrent Objects},
  booktitle = {Proceedings of the Software Engineering and Formal Methods, Second International Conference},
  series = {SEFM '04},
  year = {2004},
  isbn = {0-7695-2222-X},
  pages = {188--197},
  numpages = {10},
  publisher = {IEEE Computer Society},
  address = {Washington, DC, USA},
}

@article{h-coscl-85,
  author = {Hewitt, Carl},
  title = {{The Challenge of Open Systems:  Current Logic Programming Methods May Be Insufficient for Developing the Intelligent Systems of the Future}},
  journal = {BYTE},
  issue_date = {April 1985},
  volume = {10},
  number = {4},
  month = apr,
  year = {1985},
  issn = {0360-5280},
  pages = {223--242},
  numpages = {20},
  publisher = {McGraw-Hill, Inc.},
  address = {Hightstown, NJ, USA},
}

@book{vw-radme-12,
  author={Videla, Alvaro and Williams, Jason JW},
  title={{RabbitMQ in Action: Distributed Messaging for Everyone}},
  year={2012},
  publisher={Manning},
  isbn={978-1935182979},
}

@book{als-cdgtr-10,
  author={Anderson, J Chris and Lehnardt, Jan and Slater, Noah},
  title={{CouchDB: The Definitive Guide: Time to Relax}},
  year={2010},
  publisher={O'Reilly},
  isbn={978-0596155896},
}

@inproceedings{rtmdm-aaapp-19,
  author={L. Rinaldi and M. Torquati and G. Mencagli and M. Danelutto and T. Menga},
  title={{Accelerating Actor-Based Applications with Parallel Patterns}},
  booktitle={{27th Euromicro International Conference on Parallel, Distributed and Network-Based Processing}},
  year={2019},
  pages={140-147},
  issn={2377-5750},
  month={Feb},
}

@inproceedings{fcdvw-ccoca-18,
  author    = {Juliana Franco and Sylvan Clebsch and Sophia Drossopoulou and Jan Vitek and Tobias Wrigstad},
  title     = {{Correctness of a Concurrent Object Collector for Actor Languages}},
  booktitle = {{Programming Languages and Systems - 27th European Symposium on Programming}},
  pages     = {885--911},
  year      = {2018},
}

@inproceedings{bmwdk-mlbir-18,
  author    = {Seonmyeong Bak and Harshitha Menon and Sam White and Matthias Diener and Laxmikant V. Kal{\'{e}}},
  title     = {{Multi-Level Load Balancing with an Integrated Runtime Approach}},
  booktitle = {{18th {IEEE/ACM} International Symposium on Cluster, Cloud and Grid Computing}},
  pages     = {31--40},
  year      = {2018},
}

@inproceedings{rbk-rchtc-16,
  author = {Robson, Michael P. and Buch, Ronak and Kale, Laxmikant V.},
  title = {{Runtime Coordinated Heterogeneous Tasks in Charm++}},
  booktitle = {{Proceedings of the Second Internationsl Workshop on Extreme Scale Programming Models and Middleware}},
  series = {ESPM2},
  year = {2016},
  isbn = {978-1-5090-3858-9},
  location = {Salt Lake City, Utah},
  pages = {40--43},
  numpages = {4},
  publisher = {IEEE Press},
  address = {Piscataway, NJ, USA},
}

@misc{li-a-19,
  author = {{Lightbend Inc.}},
  title = {{Akka Framework}},
  howpublished = {\url{http://akka.io}},
  year = {2020},
  month = {August},
  location = {Cambridge, MA, USA},
  note = {Accessed: 2020-05-23},
}

@inproceedings{a-apmc-14,
  author = {Agha, Gul},
  title = {{Actors Programming for the Mobile Cloud}},
  editor = {Muntean, Traian and Rolland, Robert and Mugwaneza, L{\'{e}}on},
  booktitle = {{IEEE} 13th International Symposium on Parallel and Distributed Computing},
  pages = "3--9",
  year = "2014",
}

@inproceedings{dsaam-eamcs-15,
  author={D. {Diaz Sánchez} and R. {Simon Sherratt} and P. {Arias} and F. {Almenarez} and A. {Marín}},
  title={{Enabling Actor Model for Crowd Sensing and IoT}},
  booktitle={{2015 International Symposium on Consumer Electronics (ISCE)}},
  year={2015},
  pages={1-2},
  issn={0747-668X},
  month={June},
}

@article{smc-bitse-16,
  author = {Alessandro Sivieri and Luca Mottola and Gianpaolo Cugola},
  title = {{Building Internet of Things software with ELIoT}},
  journal = {{Computer Communications}},
  volume = {89-90},
  pages = {141 - 153},
  year = {2016},
  note = {Internet of Things\: Research challenges and Solutions},
  issn = {0140-3664},
}

@inproceedings{vt-mic-16,
  author={K. {Vandikas} and V. {Tsiatsis}},
  title={{Microservices in IoT Clouds}},
  booktitle={{2016 Cloudification of the Internet of Things (CIoT)}},
  year={2016},
  pages={1-6},
  month={Nov},
}

@book{bwz-dsap-15,
  author={Bass, Len and Weber, Ingo and Zhu, Liming},
  title={DevOps: A Software Architect's Perspective},
  year={2015},
  publisher={Addison-Wesley Professional},
  isbn={978-0134049847},
}

@inproceedings{jsmb-wdsdu-13,
 author = {Johnson, Brittany and Song, Yoonki and Murphy-Hill, Emerson and Bowdidge, Robert},
 title = {{Why Don't Software Developers Use Static Analysis Tools to Find Bugs?}},
 booktitle = {Proceedings of the 2013 International Conference on Software Engineering},
 series = {ICSE '13},
 year = {2013},
 isbn = {978-1-4673-3076-3},
 location = {San Francisco, CA, USA},
 pages = {672--681},
 numpages = {10},
 publisher = {IEEE Press},
 address = {Piscataway, NJ, USA},
}

@inproceedings{vgcvs-emmap-15,
  author={M. {Villamizar} and O. {Garcés} and H. {Castro} and M. {Verano} and L. {Salamanca} and R. {Casallas} and S. {Gil}},
  title={{Evaluating the Monolithic and the Microservice Architecture Pattern to Deploy Web Applications in the Cloud}},
  booktitle={{2015 10th Computing Colombian Conference (10CCC)}},
  year={2015},
  pages={583-590},
  month={Sep.},
}

@inproceedings{r-faeac-14,
  author = {Ricci, Alessandro},
  title = {{From Actor Event-Loop to Agent Control-Loop: Impact on Programming}},
  booktitle = {{Proceedings of the 4th International Workshop on Programming Based on Actors Agents \&\#38; Decentralized Control}},
  series = {AGERE! '14},
  year = {2014},
  isbn = {978-1-4503-2189-1},
  location = {Portland, Oregon, USA},
  pages = {121--132},
  numpages = {12},
  publisher = {ACM},
  address = {New York, NY, USA},
}

@inproceedings{rpswb-aalx-16,
  author = {Roloff, Sascha and P\"{o}ppl, Alexander and Schwarzer, Tobias and Wildermann, Stefan and Bader, Michael and Gla\ss, Michael and Hannig, Frank and Teich, J\"{u}rgen},
  title = {{ActorX10: An Actor Library for X10}},
  booktitle = {Proceedings of the 6th ACM SIGPLAN Workshop on X10},
  series = {X10 2016},
  year = {2016},
  isbn = {978-1-4503-4386-2},
  location = {Santa Barbara, CA, USA},
  pages = {24--29},
  numpages = {6},
  publisher = {ACM},
  address = {New York, NY, USA},
}

@inproceedings{cgsdk-xoanc-05,
  author = {Charles, Philippe and Grothoff, Christian and Saraswat, Vijay and Donawa, Christopher and Kielstra, Allan and Ebcioglu, Kemal and von Praun, Christoph and Sarkar, Vivek},
  title = {{X10: An Object-oriented Approach to Non-uniform Cluster Computing}},
  booktitle = {Proceedings of the 20th Annual ACM SIGPLAN Conference on Object-oriented Programming, Systems, Languages, and Applications},
  series = {OOPSLA '05},
  year = {2005},
  isbn = {1-59593-031-0},
  location = {San Diego, CA, USA},
  pages = {519--538},
  numpages = {20},
  publisher = {ACM},
  address = {New York, NY, USA},
}

@inproceedings{xnc-pabds-15,
  author={F. {Xhafa} and V. {Naranjo} and S. {Caballé}},
  title={{Processing and Analytics of Big Data Streams with Yahoo!S4}},
  booktitle={2015 IEEE 29th International Conference on Advanced Information Networking and Applications},
  year={2015},
  pages={263-270},
  issn={1550-445X},
  month={March},
}

@inproceedings{tr-marbd-14,
  author={B. {Twardowski} and D. {Ryzko}},
  title={{Multi-agent Architecture for Real-Time Big Data Processing}},
  booktitle={2014 IEEE/WIC/ACM International Joint Conferences on Web Intelligence (WI) and Intelligent Agent Technologies (IAT)},
  year={2014},
  volume={3},
  pages={333-337},
  month={Aug},
}

@article{ckemh-afsbp-15,
  author={Carbone, Paris and Katsifodimos, Asterios and Ewen, Stephan and Markl, Volker and Haridi, Seif and Tzoumas, Kostas},
  title={{Apache Flink: Stream and Batch Processing in a Single Engine}},
  journal={Bulletin of the IEEE Computer Society Technical Committee on Data Engineering},
  volume={36},
  number={4},
  year={2015},
  publisher={IEEE Computer Society}
}

@inproceedings{dmdv-tmrsw-13,
  author = {De Koster, Joeri and Marr, Stefan and D'Hondt, Theo and Van Cutsem, Tom},
  title = {Tanks: Multiple Reader, Single Writer Actors},
  booktitle = {Proceedings of the 2013 Workshop on Programming Based on Actors, Agents, and Decentralized Control},
  series = {AGERE! 2013},
  year = {2013},
  isbn = {978-1-4503-2602-5},
  location = {Indianapolis, Indiana, USA},
  pages = {61--68},
  numpages = {8},
  publisher = {ACM},
  address = {New York, NY, USA},
}

@inproceedings{is-samgm-14,
  author = {Imam, Shams M. and Sarkar, Vivek},
  title = {Selectors: Actors with Multiple Guarded Mailboxes},
  booktitle = {Proceedings of the 4th International Workshop on Programming Based on Actors Agents \&\#38; Decentralized Control},
  series = {AGERE! '14},
  year = {2014},
  isbn = {978-1-4503-2189-1},
  location = {Portland, Oregon, USA},
  pages = {1--14},
  numpages = {14},
  publisher = {ACM},
  address = {New York, NY, USA},
}

@InProceedings{lp-mtui-18,
  author =	{Ugo de'Liguoro and Luca Padovani},
  title =	{{Mailbox Types for Unordered Interactions}},
  booktitle =	{32nd European Conference on Object-Oriented Programming  (ECOOP 2018)},
  pages =	{15:1--15:28},
  series =	{Leibniz International Proceedings in Informatics (LIPIcs)},
  ISBN =	{978-3-95977-079-8},
  ISSN =	{1868-8969},
  year =	{2018},
  volume =	{109},
  editor =	{Todd Millstein},
  publisher =	{Schloss Dagstuhl--Leibniz-Zentrum fuer Informatik},
  address =	{Dagstuhl, Germany},
}

@article{j-ac-03,
  author={Janneck, J{\"o}rn W.},
  title={{Actors and their Composition}},
  journal={{Formal Aspects of Computing}},
  year={2003},
  month={Dec},
  day={01},
  volume={15},
  number={4},
  pages={349--369},
  issn={1433-299X},
}

@inproceedings{bc-mi-90,
  author = {Bracha, Gilad and Cook, William},
  title = {{Mixin-based Inheritance}},
  booktitle = {{Proceedings of the European Conference on Object-oriented Programming on Object-oriented Programming Systems, Languages, and Applications}},
  series = {OOPSLA/ECOOP '90},
  year = {1990},
  isbn = {0-89791-411-2},
  location = {Ottawa, Canada},
  pages = {303--311},
  numpages = {9},
  publisher = {ACM},
  address = {New York, NY, USA},
}

@inproceedings{s-eiopl-86,
  author = {Snyder, Alan},
  title = {{Encapsulation and Inheritance in Object-oriented Programming Languages}},
  booktitle = {{Conference Proceedings on Object-oriented Programming Systems, Languages and Applications}},
  series = {OOPSLA '86},
  year = {1986},
  isbn = {0-89791-204-7},
  location = {Portland, Oregon, USA},
  pages = {38--45},
  numpages = {8},
  publisher = {ACM},
  address = {New York, NY, USA},
}

@inproceedings{sptr-labpm-17,
  author = {Skinner, Haven and Possignolo, Rafael Trapani and Renau, Jose},
  title = {{Liam: An Actor Based Programming Model for HDLs}},
  booktitle = {{Proceedings of the 15th ACM-IEEE International Conference on Formal Methods and Models for System Design}},
  series = {MEMOCODE '17},
  year = {2017},
  isbn = {978-1-4503-5093-8},
  location = {Vienna, Austria},
  pages = {185--188},
  numpages = {4},
  publisher = {ACM},
  address = {New York, NY, USA},
}

@inproceedings{bdv-locem-94,
  title={{LAM: An open cluster environment for MPI}},
  author={Burns, Greg and Daoud, Raja and Vaigl, James},
  booktitle={Proceedings of supercomputing symposium},
  volume={94},
  pages={379--386},
  year={1994}
}

@misc{m-m-20,
  author = {{MPICH}},
  title = {{MPICH Documentation}},
  year = {2020},
  month = {march},
  howpublished = {\url{https://www.mpich.org/documentation/guides/}},
}

@inproceedings{ad-tieiw-99,
  title={{TCP Implementation Enhancements for Improving Webserver Performance}},
  author={Mohit Aron and Peter Druschel},
  booktitle={INFOCOM 1999},
  year={1999}
}

@article{khm-ivoqs-87,
  title={{Input versus output queueing on a space-division packet switch}},
  author={Karol, Mark and Hluchyj, Michael and Morgan, Samuel},
  journal={IEEE Transactions on communications},
  volume={35},
  number={12},
  pages={1347--1356},
  year={1987},
  publisher={IEEE}
}

@inproceedings{hdyk-pafd-04,
  title={{The $\phi{}$ accrual failure detector}},
  author={Hayashibara, Naohiro and Defago, Xavier and Yared, Rami and Katayama, Takuya},
  booktitle={Proceedings of the 23rd IEEE International Symposium on Reliable Distributed Systems, 2004.},
  pages={66--78},
  year={2004},
  organization={IEEE}
}

@inproceedings{s-aceon-93,
  title={{The ADAPTIVE Communication Environment: Object-Oriented Network Programming Components for Developing Client/Server Applications}},
  author={Schmidt, Douglas C},
  month={June},
  year={1994},
  pages={214--225},
  booktitle={Proceedings of the 12th Annual Sun Users Group Conference},
}

@article{ndmza-nppii-17,
  title={{NEAT: A Platform- and Protocol-Independent Internet Transport API}},
  author={N. {Khademi} and D. {Ros} and M. {Welzl} and Z. {Bozakov} and A. {Brunstrom} and G. {Fairhurst} and K. {Grinnemo} and D. {Hayes} and P. {Hurtig} and T. {Jones} and S. {Mangiante} and M. {Tuxen} and F. {Weinrank}},
  journal={IEEE Communications Magazine},
  year={2017},
  volume={55},
  number={6},
  pages={46-54},
}

@inproceedings{kllpl-chrtd-97,
  author = {Karger, David and Lehman, Eric and Leighton, Frank and Panigrahy, Rina and Levine, Matthew and Lewin, Daniel},
  title = {{Consistent Hashing and Random Trees: Distributed Caching Protocols for Relieving Hot Spots on the World Wide Web}},
  booktitle={Proceedings of the Twenty-Ninth Annual ACM Symposium on the Theory of Computing},
  year = {1997},
  month = {05},
  pages = {654-663},
}

@misc{g-gcua-22,
  author = {Google},
  title = {{Googe-Crawler (User-Agents)}},
  note = {\url{https://developers.google.com/search/docs/advanced/crawling/overview-google-crawlers}},
  month = {May},
  year = {2022},
}

@misc{python-ldap,
  title = {{python-ldap: LDAP client API for Python}},
  note = {\url{https://github.com/python-ldap/python-ldap}}
}

