@MISC{bna-web-14,
  key       = {BNA},
  title     = {{Federal Network Agency of Germany (Bundesnetzagentur)}},
  howpublished = {\url{http://www.bundesnetzagentur.de/cln_1911/EN/Home/}},
}

@INPROCEEDINGS{b-tib-04,
  author    = {Berizzi, A.}, 
  title     = {{The Italian 2003 Blackout}}, 
  booktitle = {IEEE Power Engineering Society General Meeting}, 
  year      = {2004}, 
  volume    = {2},
  pages     = {1673--1679},
}

@TECHREPORT{copsu-ibic-03,
  author    = {James H.Cowie AND Andy T. Ogielski AND B.J. Premore AND Eric A. Smith AND Todd Underwood},
  title     = {{Impact of the 2003 Blackouts on Internet Communications}},
  year      = {2003},
  month     = nov,
  institution  = {Renesys Corporation},
  howpublished = {\url{http://www.renesys.com/wp-content/uploads/2013/05/Renesys_BlackoutReport.pdf}},
}

@INPROCEEDINGS{mwjs-oaiec-10, 
  author    = {Mohsenian-Rad, A.-H. and Wong, V.W.S. and Jatskevich, J. and Schober, R.}, 
  title     = {{Optimal and Autonomous Incentive-based Energy Consumption Scheduling Algorithm for Smart Grid}}, 
  booktitle = {Innovative Smart Grid Technologies (ISGT), 2010},
  year      = {2010}, 
  month     = jan, 
  volume    = {}, 
  number    = {}, 
  pages     = {1--6}, 
}

@INPROCEEDINGS{ck-iecsa-10, 
  author    = {Caron, S. and Kesidis, G.}, 
  title     = {{Incentive-based Energy Consumption Scheduling Algorithms for the Smart Grid}}, 
  booktitle = {1st IEEE Int. Conf. on Smart Grid Communications (SmartGridComm'10)},
  year      = {2010}, 
  month     = oct, 
  volume    = {}, 
  number    = {}, 
  pages     = {391--396}, 
}

@INPROCEEDINGS{mvdvv-ispcn-11, 
  author    = {Kevin Mets and Tom Verschueren and Chris Develder and Tine L. Vandoorn and Lieven Vandevelde}, 
  title     = {Integrated simulation of power and communication networks for smart grid applications}, 
  booktitle = {IEEE 16th Int. Workshop on Computer Aided Modeling and Design of Communication Links and Networks (CAMAD'11)},
  year      = {2011}, 
  month     = jun, 
  pages     = {61--65}, 
}

@INPROCEEDINGS{lp-mgacs-04, 
  author    = {Lasseter, R.H. and Paigi, P.}, 
  title     = {{Microgrid: A Conceptual Solution}}, 
  booktitle = {35th Annual IEEE Power Electronics Specialists Conference (PESC'04)},
  year      = {2004},
  month     = jun, 
  volume    = {6}, 
  number    = {}, 
  pages     = {4285--4290}, 
}

@INPROCEEDINGS{jbsg-acevv-10, 
  author    = {Bernhard Jansen and Carl Binding and Olle Sundstr{\"o}m and Dieter Gantenbein}, 
  title     = {{Architecture and Communication of an Electric Vehicle Virtual Power Plant}}, 
  booktitle = {1st IEEE Int. Conf. on Smart Grid Communications (SmartGridComm'10)},
  year      = {2010}, 
  month     = oct,
  volume    = {}, 
  number    = {}, 
  pages     = {149--154}, 
}

@INPROCEEDINGS{lwtpl-usami-10, 
  author    = {Zhao Li and Zhenyuan Wang and Jean-Charles Tournier  and William Peterson and Wenping Li and Yi Wang}, 
  title     = {{A Unified Solution for Advanced Metering Infrastructure Integration with a Distribution Management System}}, 
  booktitle = {1st IEEE Int. Conf. on Smart Grid Communications (SmartGridComm'10)},
  year      = {2010}, 
  month     = oct, 
  volume    = {}, 
  number    = {}, 
  pages     = {566--571}, 
}

@ARTICLE{prs-vppsi-07, 
  author    = {Pudjianto, D. and Ramsay, C. and Strbac, G.}, 
  title     = {{Virtual Power Plant and System Integration of Distributed Energy Resources}}, 
  journal   = {Renewable Power Generation, IET},
  year      = {2007}, 
  month     = mar, 
  volume    = {1}, 
  number    = {1}, 
  pages     = {10--16}, 
}

@INPROCEEDINGS{srk-vppch-05, 
  author    = {Christian Schulz and Gerold Roder and Michael Kurrat}, 
  title     = {{Virtual Power Plants with Combined Heat and Power Micro-Units}}, 
  booktitle = {Int. Conf. on Future Power Systems},
  year      = {2005},
  month     = nov,
  volume    = {},
  number    = {},
  pages     = {1--5},
}

@INPROCEEDINGS{nr-abemi-09, 
  author    = {David Nestle and Jan Ringelstein}, 
  title     = {{Application of Bidirectional Energy Management Interfaces for Distribution Grid Operation}}, 
  booktitle = {20th Int. Conf. and Exhibition on Electricity Distribution (CIRED'09)}, 
  year      = {2009}, 
  month     = jun, 
  volume    = {}, 
  number    = {2}, 
  pages     = {1--4},
}

@article{gbhb-gfqdd-09,
  author    = {Harald Gjermundr{\o}d and David E. Bakken and Carl H. Hauser and Anjan Bose},
  title     = {{GridStat: A Flexible QoS-Managed Data Dissemination Framework for the Power Grid}},
  journal   = {IEEE Transactions on Power Delivery},
  year      = {2009},
  volume    = {24},
  number    = {1},
  pages     = {136--143},
}

@inproceedings{kswh-icevs-10, 
  author    = {Sebastian K{\"a}bisch AND Anton Schmitt AND Martin Winter AND J{\"o}rg Heuer},
  title     = {{Interconnections and Communications of Electric Vehicles and Smart Grids}}, 
  booktitle = {1st IEEE Int. Conf. on Smart Grid Communications (SmartGridComm'10)},
  year      = {2010},
  month     = oct, 
  pages     = {161--166}, 
}

@article{ffkti-timcs-11, 
  author    = {Z.M. Fadlullah AND M.M. Fouda AND N. Kato AND A. Takeuchi AND N. Iwasaki AND Y. Nozaki}, 
  title     = {{Toward Intelligent Machine-to-Machine Communications in Smart Grid}}, 
  journal   = {IEEE Communications Magazine},
  year      = {2011}, 
  month     = apr, 
  volume    = {49}, 
  number    = {4}, 
  pages     = {60--65}, 
}

@article{sl-eteca-11,
  author    = {Thilo Sauter AND Maksim Lobashov},
  title     = {{End-to-End Communication Architecture for Smart Grids}},
  journal   = {IEEE Transactions on Industrial Electronics}, 
  year      = {2011},
  month     = apr,
  volume    = {58},
  number    = {4},
  pages     = {1218--1228},
}

@inproceedings{rvrj-abcdd-11,
  author    = {Sarvapali D. Ramchurn AND Perukrishnen Vytelingum AND Alex Rogers AND Nick Jennings},
  title     = {{Agent-based Control for Decentralised Demand Side Management in the Smart Grid}},
  booktitle = {10th Int. Conf. on Autonomous Agents and Multiagent Systems (AAMAS '11)},
  volume    = {1},
  year      = {2011},
  location  = {Taipei, Taiwan},
  pages     = {5--12},
  publisher = {International Foundation for Autonomous Agents and Multiagent Systems},
  address   = {Richland, SC},
} 

@inproceedings{kr-ictgs-10,
  author    = {Srinivasan Keshav AND Catherine Rosenberg},
  title     = {{How Internet Concepts and Technologies can Help Green and Smarten the Electrical Grid}},
  booktitle = {1st ACM SIGCOMM workshop on Green networking (Green Networking '10)},
  year      = {2010},
  location  = {New Delhi, India},
  pages     = {35--40},
  publisher = {ACM},
  address   = {New York, NY, USA},
}

@inproceedings{msw-ictfg-10,
  author    = {Friedemann Mattern and Thorsten Staake and Markus Weiss},
  title     = {{ICT for Green: How Computers Can Help us to Conserve Energy}},
  booktitle = {1st Int. Conf. on Energy-Efficient Computing and Networking (e-Energy '10)},
  year      = {2010},
  pages     = {1--10},
  publisher = {ACM},
  address   = {New York, NY, USA},
  location  = {Passau, Germany},
  keywords  = {advanced metering, behavioral change, energy conservation, feedback systems, smart grid, smart meter},
}

@inproceedings{bmisa-sfped-12,
  author    = {Sean Barker AND Aditya Mishra AND David Irwin AND Prashant Shenoy AND Jeannie Albrecht},
  title     = {{SmartCap: Flattening Peak Electricity Demand in Smart Homes}},
  booktitle = {10th IEEE Conf. On Pervasive Computing and Communications (PerCom'12)},
  month     = mar,
  year      = {2012},
  location  = {Lugano, Switzerland},
  pages     = {67--75}
}

@article{mr-csrld-96, 
  author    = {Sioe Mak AND Denny Radford},
  title     = {{Communication System Requirements for Implementation of a
                Large Scale Demand Side Management and Distribution Automation}},
  journal   = {IEEE Transactions on Power Delivery},
  year      = {1996},
  month     = apr,
  volume    = {11},
  number    = {2},
  pages     = {683--689},
}

@article{df-ocrsg-11,
  author    = {Mohamed Daoud AND Xavier Fernando},
  title     = {{On the Communication Requirements for the Smart Grid}},
  journal   = {Energy and Power Engineering},
  volume    = {3},
  number    = {1},
  year      = {2011},
  pages     = {53--60},
}

@TechReport{b-igepg-08,
  author    = {Jos\'{e} Morales Barroso},
  title     = {{The Intelligent Grid: Electric Power Grid and Telecom Convergence}},
  institution =  {International Engineering Consortium (IEC)},
  year      = {2008},
}

@INPROCEEDINGS{bbmhs-dslmt-10, 
  author    = {V. Bakker AND M.G.C. Bosman AND A. Molderink AND J.L. Hurink AND G.J.M. Smit}, 
  title     = {{Demand Side Load Management Using a Three Step Optimization Methodology}}, 
  booktitle = {1st IEEE Int. Conf. on Smart Grid Communications (SmartGridComm'10)},
  year      = {2010}, 
  month     = oct, 
  pages     = {431--436}, 
}

@inproceedings{jrr-sibso-12,
  author    = {Ju\'{a}rez, Javier and Rodr\'{\i}guez-Morcillo, Carlos and Rodr\'{\i}guez-Mond{\'e}jar, Jos{\'e} Antonio},
  title     = {{Simulation of IEC 61850-based substations under OMNeT++}},
  booktitle = {5th International ICST Conference on Simulation Tools and Techniques (SIMUTOOLS'12)},
  year      = {2012},
  location  = {Desenzano del Garda, Italy},
  pages     = {319--326},
} 

@ARTICLE{wst-gscrt-10, 
  author    = {Zhifang Wang and Anna Scaglione and Robert J. Thomas}, 
  title     = {{Generating Statistically Correct Random Topologies for Testing Smart Grid Communication and Control Networks}}, 
  journal   = {IEEE Transactions on Smart Grid}, 
  year      = {2010}, 
  volume    = {1}, 
  number    = {1}, 
  pages     = {28-39}, 
}

@misc{caida-asrel-14,
  key       = {CAIDA},
  title     = {{The CAIDA AS Relationships Dataset, 01.06.2014.}},
  howpublished = {\url{http://www.caida.org/data/as-relationships/}}
}

@misc{ripedb,
  key       = {RIPE DB},
  title     = {{RIPE database}},
  howpublished = {\url{http://www.ripe.net/data-tools/db}}
}

@misc{ripedb-whois,
  key       = {RIPE Whois},
  title     = {{RIPE Whois Database}},
  howpublished = {\url{www.ripe.net/data-tools/db/whois}}
}

@misc{ripedb-snapshot,
  key       = {RIPE DB, split files},
  title     = {{RIPE database, daily snapshot}},
  howpublished = {\url{ftp://ftp.ripe.net/ripe/dbase/split}}
}

@misc{cymru-ip2as,
  key       = {Team Cymru},
  title     = {{Team Cymru, IP to AS mapping}},
  howpublished = {\url{https://www.team-cymru.org/Services/ip-to-asn.html}}
}

@misc{ucla-origin,
  key       = {UCLA Origin},
  title     = {{UCLA Internet AS-level Topology Archive, IPv4 Prefix Origin}},
  howpublished = {\url{http://irl.cs.ucla.edu/topology/ipv4/origin/}}
}

@misc{doe-crsgt-10,
  author    = {{U.S. Department of Energy}},
  title     = {{Communication Requirements of Smart Grid Technologies}},
  year      = {2010},
  month     = oct,
  howpublished = {\url{http://energy.gov/gc/downloads/communications-requirements-smart-grid-technologies}},
}

@ARTICLE{gskeb-ssgpa-13, 
  author    = {Gungor, V.C. and Sahin, D. and Kocak, T. and Ergut, S. and Buccella, C. and Cecati, C. and Hancke, G.P.}, 
  title     = {{A Survey on Smart Grid Potential Applications and Communication Requirements}}, 
  journal   = {IEEE Transactions on Industrial Informatics}, 
  year      = {2013}, 
  month     = feb, 
  volume    = {9}, 
  number    = {1}, 
  pages     = {28--42}, 
}

@ARTICLE{yqst-ssgci-13, 
  author    = {Ye Yan and Yi Qian and Sharif, H. and Tipper, D.}, 
  title     = {{A Survey on Smart Grid Communication Infrastructures: Motivations, Requirements and Challenges}}, 
  journal   = {IEEE Communications Surveys Tutorials}, 
  year      = {2013}, 
  month     = {First}, 
  volume    = {15}, 
  number    = {1}, 
  pages     = {5--20}, 
}
