@article{r-nsmit-67,
  author={Julian B. Rotter},
  title={{A new scale for the measurement of interpersonal trust}},
  journal={Journal of Personality},
  volume = 35,
  number = 4,
  pages={651--665},
  year={1967},
}

@article{js-msitc-82,
  author={Cynthia Johnson-George and Walter C. Swap},
  title={{Measurement of specific interpersonal trust: Construction and validation of a scale to assess trust in a specific other}},
  journal={Journal of Personality and Social Psychology},
  volume = 43,
  number = 6,
  pages={1306--1317},
  year={1982},
}

@book{s-tst-99,
  author = {Piotr Sztompka},
  title = {{Trust: A Sociological Theory}},
  publisher = {Cambridge University Press},
  address = {Cambridge},
  year = {1999},
}

@book{g-cm-90,
  author = {Anthony Giddens},
  title = {{The Consequences of Modernity}},
  publisher = {Polity Press},
  address = {Oxford},
  year = {1990},
}

@book{c-rnsia-00,
  author = {Manuel Castells},
  title = {{The Rise of the Network Society: The Information Age: Economy, Society, and Culture}},
  publisher = {John Wiley \& Sons},
  address = {New York},
  year = {2000},
}

@book{b-dcsj-79,
  author = {Pierre Bourdieu},
  title = {{La distinction. Critique sociale du jugement}},
  publisher = {Les Editions de Minuit},
  address = {Paris},
  year = {1979},
}

@book{b-rwm-86,
  author = {Ulrich Beck},
  title = {{Risikogesellschaft. Auf dem Weg in eine andere Moderne}},
  publisher = {Suhrkamp},
  address = {Frankfurt/Main},
  year = {1986},
}

@article{g-swt-73,
  title={{The Strength of Weak Ties}},
  author={Granovetter, M.S.},
  journal={American Journal of Sociology},
  volume = 78,
  number = 6,
  pages={1360--1380},
  year={1973},
  publisher={Univ. Chicago Press}
}

@techreport{csbr-ibtfi-11,
   author = {{Calabrese}, F. and {Smoreda}, Z. and {Blondel}, V.~D. and {Ratti}, C.},
    title = {{Interplay between telecommunications and face-to-face interactions - a study using mobile phone data}},
  type      = {Technical Report},
  institution = {Open Archive: arXiv.org},
  number = {arXiv:1101.4505v2},
  year = 2011,
}

@inproceedings{hskco-hndcw-12,
 author = {Hashemian, Mohammad S. and Stanley, Kevin G. and Knowles, Dylan L. and Calver, Jonathan and Osgood, Nathaniel D.},
 title = {{Human network data collection in the wild: the epidemiological utility of micro-contact and location data}},
 booktitle = {Proceedings of the 2nd ACM SIGHIT International Health Informatics Symposium},
 series = {IHI '12},
 year = {2012},
 pages = {255--264},
} 

@INPROCEEDINGS{smsbf-mcgbp-08,
  author = {Seshadri, Mukund and Machiraju, Sridhar and Sridharan, Ashwin and
	Bolot, Jean and Faloutsos, Christos and Leskove, Jure},
  title = {{Mobile call graphs: beyond power-law and lognormal distributions}},
  booktitle = {Proceedings of the 14th ACM SIGKDD international conference on Knowledge
	discovery and data mining},
  year = {2008},
  series = {KDD '08},
  pages = {596--604},
  address = {New York, NY, USA},
}

@ARTICLE{ep-rmscs-06,
  author = {N. Eagle and A. Pentland},
  title = {{Reality Mining: Sensing Complex Social Systems}},
  journal = {Personal and Ubiquitous Computing},
  year = {2006},
  volume = {10},
  pages = {255--268},
  number = {4}
}

@article{l-tma-32,
    author = {R. Likert},
    journal = {Archives of Psychology},
    keywords = {nopdf, rating, statistics},
    number = {140},
    pages = {1--55},
    posted-at = {2008-04-28 22:11:22},
    priority = {2},
    title = {{A technique for the measurement of attitudes.}},
    volume = {22},
    year = {1932}
}

@ARTICLE{mc-mts-84,
  author = {Marsden, Peter V. and Campbell, Karen E.},
  title = {{Measuring Tie Strength}},
  journal = {Social Forces},
  year = {1984},
  volume = {63},
  pages = {482-501},
  number = {2},
}

@ARTICLE{m-ndm-90,
  author = {Marsden, Peter V.},
  title = {{Network Data and Measurement}},
  journal = {Annual Review of Sociology},
  year = {1990},
  volume = {16},
  pages = {435-463},
  number = {1},
}

@article{hw-wfmui-98,
 author = {Haythornthwaite, Caroline and Wellman, Barry},
 title = {{Work, friendship, and media use for information exchange in a networked organization}},
 journal = {Journal of the American Society for Information Science},
 volume = {49},
 issue = {12},
 month = {October},
 year = {1998},
 pages = {1101--1114},
 numpages = {14},
 publisher = {John Wiley \& Sons, Inc.},
 address = {New York, NY, USA},
}

@article{kpr-crdmf-07, 
 title={{Configurations of Relationships in Different Media: FtF, Email, Instant Messenger, Mobile Phone, and SMS}},
 volume={12}, 
 number={4}, 
 journal={Journal of Computer-Mediated Communication}, 
 publisher={Blackwell Publishing Inc}, 
 author={Kim, Hyo and Kim, Gwang Jae and Park, Han Woo and Rice, Ronald E}, 
 year={2007}, 
 pages={1183--1207}
}

@INBOOK{ckw-ecph-08,
  chapter = {9},
  title = {{Everyday Communication Patterns of Heavy and Light Email Users}},
  publisher = {Blackwell Publishers Ltd},
  year = {2008},
  author = {Janell I. Copher and Alaina G. Kanfer and Mary Bea Walker},
}

@article{dks-gnpet-00,
  author={John Dimmick and Susan Kline and Laura Stafford},
  title = {{The Gratification Niches of Personal E-mail and the Telephone: Competition, Displacement, and Complementarity}},
  journal={Communication Research},
  year={2000},
  pages={227--248},
  volume={27},
}

@ARTICLE{bzl-siam-04,
  author = {N.~K. Baym and Y.~B. Zhang and M.~C. Lin},
  title = {{Social interactions across media}},
  journal = {New Media \& Society},
  year = {2004},
  volume = {6},
  pages = {299--318},
  number = {3},
  month = {June},
}

@ARTICLE{kb-iasnd-76,
  author = {Killworth, Pd and Bernard, Hr},
  title = {{Informant Accuracy in Social Network Data}},
  journal = {Human Organization},
  year = {1976},
  volume = {35},
  pages = {269--286},
  number = {3},
  file = {Killworth1976.pdf:Killworth1976.pdf:PDF},
  publisher = {SFAA},
}

@ARTICLE{kw-eaesn-06,
  author = {Kossinets, Gueorgi and Watts, Duncan J.},
  title = {{Empirical Analysis of an Evolving Social Network}},
  journal = {Science},
  year = {2006},
  volume = {311},
  pages = {88--90},
  number = {5757},
  month = {January},
} 

@ARTICLE{oshsl-stsmc-07,
  author = {J.-P. Onnela and J. Saramaki and J. Hyvnen and G. Szabo and D. Lazer and K. Kaski and J. Kertesz and A.-L. Barabasi},
  title = {{Structure and tie strengths in mobile communication networks}},
  journal = {Proceedings of the National Academy of Sciences},
  year = {2007},
  volume = {104},
  pages = {7332--7336},
  number = {18},
}

@INPROCEEDINGS{gk-ptssm-09,
  author = {Gilbert, Eric and Karahalios, Karrie},
  title = {{Predicting tie strength with social media}},
  booktitle = {CHI '09: Proceedings of the 27th international conference on Human factors in computing systems},
  year = {2009},
  pages = {211--220},
  address = {New York, New York, USA},
  publisher = {ACM Press},
}

@ARTICLE{epl-ifnsu-09,
  author = {Eagle, Nathan and Pentland, Alex (Sandy) and Lazer, David},
  title = {Inferring friendship network structure by using mobile phone data},
  journal = {Proceedings of the National Academy of Sciences},
  year = {2009},
  doi = {10.1073/pnas.0900282106},
}

@ARTICLE{bklc-yncdu-11,
  author={Bergman, Ofer and Komninos, Andreas and Liarokapis, Dimitrios and Clarke, James},
  title={You never call: Demoting unused contacts on mobile phones using DMTR},
  journal={Personal and Ubiquitous Computing},
  year={2012},
  pages={757--766},
  volume={16},
  issue={6},
  publisher={Springer-Verlag},
}

@inproceedings{spkg-pucic-12,
 author = {Stefanis, Vassilios and Plessas, Athanasios and Komninos, Andreas and Garofalakis, John},
 title = {Patterns of usage and context in interaction with communication support applications in mobile devices},
 booktitle = {Proceedings of the 14th international conference on Human-computer interaction with mobile devices and services},
 year = {2012},
 pages = {25--34},
 publisher = {ACM},
}

@inproceedings{lvmgm-sfm-12,
 author = {Liu, Yabing and Viswanath, Bimal and Mondal, Mainack and Gummadi, Krishna P. and Mislove, Alan},
 title = {Simplifying friendlist management},
 booktitle = {Proceedings of the 21st international conference companion on World Wide Web},
 series = {WWW '12 Companion},
 year = {2012},
 pages = {385--388},
 publisher = {ACM},
} 

@INPROCEEDINGS{s-cltda-05,
    author = {George Siemens},
    title = {{Connectivism: A learning theory for the digital age}},
    booktitle = {International Journal of Instructional Technology and Distance Learning},
    year = {2005}
}

@article{f-tscp-54,
  title={{A theory of social comparison processes}},
  author={Festinger, Leon},
  journal={Human relations},
  volume={7},
  number={2},
  pages={117--140},
  year={1954}
}

@inbook{c-dplno-10,
  title={{Developing Personal Learning Networks for Open and Social Learning}},
  number={6},
  booktitle={Emerging Technologies in Distance Education},
  publisher={Athabasca University Press},
  author={Couros, Alec},
  editor={Veletsianos, GeorgeEditor},
  year={2010},
  pages={109--128}
}

@article{dk-plesm-12,
  title = {{Personal Learning Environments, social media, and self-regulated learning: A natural formula for connecting formal and informal learning}},
  journal = {The Internet and Higher Education},
  volume = {15},
  number = {1},
  pages = {3--8},
  year = {2012},
  author = {Nada Dabbagh and Anastasia Kitsantas},
}

@inproceedings{fc-fifls-11,
  author = {Farnham, Shelly D. and Churchill, Elizabeth F.},
  title = {{Faceted identity, faceted lives: social and technical issues with being yourself online}},
  booktitle = {Proceedings of the ACM 2011 conference on Computer supported cooperative work},
  series = {CSCW '11},
  year = {2011},
  location = {Hangzhou, China},
  pages = {359--368},
  numpages = {10},
  publisher = {ACM},
  address = {New York, NY, USA},
}

@article{f-fost-81,
  title={The focused organization of social ties},
  author={Feld, Scott L},
  journal={American journal of sociology},
  pages={1015--1035},
  year={1981},
  publisher={JSTOR}
}

