@article{r-sutp-06,
  author    = {Per Runeson},
  title     = {{A Survey of Unit Testing Practices}},
  journal   = {IEEE Software},
  volume    = {23},
  number    = {4},
  pages     = {22--29},
  year      = 2006,
  month     = jul
}

@techreport{snrd-fsdmp-19,
  author = {Mehreen Sirshar and Jumana Noor and Raima Rashid and Muneeba Daud},
  title = {{A Framework for Software Defect Management Process in Software Quality Assurance}},
  institution = {Preprints.org},
  number = {2019120120},
  type = {Technical Report},
  month = dec,
  year = {2019},
  url = {https://www.preprints.org/manuscript/201912.0120/}
}

@article{fs-selst-19,
  author = "Raluca Florea and Viktoria Stray",
  title = {{The skills that employers look for in software testers}},
  journal = "Software Quality Journal",
  volume = "27",
  number = "4",
  pages = "1449--1479",
  month = dec,
  year = "2019",
}

@phdthesis{m-cidal-19,
  author = "Torvald M{\r a}rtensson",
  title = {{Continuous Integration and Delivery Applied to Large-Scale Software-Intensive Embedded Systems}},
  year = "2019",
  publisher = "University of Groningen",
  school = "University of Groningen",
}

@article{msb-emfisi-18,
  author = "Torvald M{\r a}rtensson and Daniel St{\r a}hl and Jan Bosch",
  title = {{Enable more frequent integration of software in industry projects}},
  journal = {Journal of Systems and Software},
  pages = {223--236},
  volume = {142},
  year = {2018},
  month = aug,
}

@inproceedings{swtls-faftp-17,
  author={Besfort Shala and Patrick Wacht and Ulrich Trick and Armin Lehmann and Besfort Shala and Bogdan Ghita and Stavros Shiaeles},
  title={{Framework for automated functional testing of P2P-based M2M applications}},
  booktitle={Proc. of 9th International Conference on Ubiquitous and Future Networks (ICUFN)},
  pages={916--921},
  publisher = {IEEE},
  address   = {Piscataway, NJ, USA},
  month={July},
  year={2017},
}

@inproceedings{r-rtids-05,
  author    = {John Regehr},
  title     = {{Random Testing of Interrupt-Driven Software}},
  year      = {2005},
  month     = {September},
  publisher = {ACM},
  address   = {New York, NY, USA},
  booktitle = {Proc. 5th ACM International Conference on Embedded Software},
  pages     = {290--298},
  numpages  = {9},
  location  = {Jersey City, NJ, USA},
  series    = {EMSOFT ’05},
}
@article{scs-itmhs-07,
  author    = {Ahyoung Sung and Byoungju Choi and Seokkyoo Shin},
  title     = {{An interface test model for hardware-dependent software and embedded OS API of the embedded system}},
  year      = {2007},
  month     = {May},
  volume    = {29},
  number    = {4},
  journal   = {Computer Standards and Interfaces},
  pages     = {430--443},
  numpages  = {14},
  publisher = {Elsevier Science Publishers B. V.},
}

@inproceedings{ssck-aeste-07,
  author    = {Jooyoung Seo and Ahyoung Sung and Byoungju Choi and Sungbong Kang},
  title     = {{Automating Embedded Software Testing on an Emulated Target Board}},
  year      = {2007},
  month     = {June},
  booktitle = {Proc. Second Intern. WS on Automation of Software Test},
  pages     = {9},
  numpages  = {7},
  series    = {AST ’07},
  publisher = {IEEE Computer Society},
  address   = {USA},
}

@inproceedings{mp-slert-12,
  author    = {Marius Muresan and Dan Pitica},
  title     = {{Software in the Loop Environment Reliability for Testing Embedded Code}},
  year      = {2012},
  month     = {October},
  booktitle = {IEEE 18th Intern. Symposium for Design and Technology in Electronic Packaging (SIITME)},
  pages     = {325-328},
}

@article{tessl-gfky-18,
  author  = {Vahid Garousi and Michael Felderer and \c{C}a\u{g}r{\i} Murat Karap{\i}\c{c}ak and U\u{g}ur Y{\i}lmaz},
  title   = {{Testing embedded software: A survey of the literature}},
  journal = {Information and Software Technology},
  volume  = {104},
  pages   = {14--45},
  year    = {2018},
  month   = {12},
}

@inproceedings{mkm-tnfra-07,
  author    = {Jani Metsa and Mika Katara and Tommi Mikkonen},
  title     = {{Testing Non-Functional Requirements with Aspects: An Industrial Case Study}},
  booktitle = {Seventh International Conference on Quality Software},
  series    = {QSIC'07},
  pages     = {5--14},
  year      = 2007,
  month     = oct
}

@inproceedings{kwbf-mewtd-07,
  author    = {Michael Karlesky and Greg Williams and William Bereza and Matt Fletcher},
  title     = {{Mocking the Embedded World: Test-Driven Development, Continuous Integration, and Design Patterns}},
  booktitle = {Embedded Systems Conference},
  series    = {ESC 413},
  pages     = {1518--1532},
  year      = 2007,
  month     = apr,
}

@article{kr-mbtes-12,
   author   = {Jannis .S. Ker{\"a}nen and T.D. R{\"a}ty},
   title    = {{Model-Based Testing of Embedded Systems in Hardware in the Loop Environment}},
   journal  = {IET Software},
   number    = {4},
   volume   = {6},
   pages    = {364--376},
   year     = 2012,
   month    = aug,
   publisher ={Institution of Engineering and Technology},
}

@article{vgklm-hlsap-14,
  author  = {Josef Vejlupek and Robert Grepl and Petr Krej\v{c}\'{i} and Franti\v{s}ek Les\'{a}k and Karel Matou\v{s}},
  title   = {{Hardware-In-the-Loop Simulation for Automotive Parking Assistant Control Units}},
  year    = {2014},
  month   = {December},
  pages   = {325-330},
  journal = {Proc. 16th International Conference on Mechatronics, Mechatronika 2014},
}

@inproceedings{vjr-desuf-04,
  author    = {Darius Virzonis and T. Jukna and D. Ramunas},
  title     = {{Design of the Embedded Software Using Flexible Hardware-In-the-Loop Simulation Scheme}},
  year      = {2004},
  month     = {June},
  pages     = {351--354, Vol.1},
  booktitle = {Proc. 12th IEEE Mediter. Electrotechnical Conf.},
}

@inproceedings{skcl-wssit-08,
  author    = {Jooyoung Seo and Yuhoon Ki and Byoungju Choi and Kwanghyun La},
  title     = {{Which Spot Should I Test for Effective Embedded Software Testing?}},
  booktitle = {Second International Conference on Secure System Integration and Reliability Improvement},
  year      = {2008},
  month     = {08},
  pages     = {135--142},
}

