@inproceedings{mcb-qbbfe-19,
  author    = {Fran{\c{c}}ois Michel and Quentin De Coninck and Olivier Bonaventure},
  title     = {{QUIC-FEC: Bringing the benefits of Forward Erasure Correction to QUIC}},
  booktitle = {Proc. of 19th IFIP Networking Conference},
  year      = {2019},
  month     = {May},
  location  = {Warsaw, Poland},
  pages     = {1--9},
  publisher = {IEEE Press},
  address   = {Piscataway, NJ, USA},
}

@inproceedings{cb-mqde-17,
  author    = {Quentin De Coninck and Olivier Bonaventure},
  title     = {{Multipath QUIC: Design and Evaluation}},
  booktitle = {Proc. of CoNEXT '17},
  year      = {2017},
  month     = {Dec.},
  location  = {Incheon, Republic of Korea},
  pages     = {160--166},
  publisher = {ACM},
  address   = {New York, NY, USA},
}

@article{o-mtpst-98,
  author  = {Obraczka, K.},
  journal = {IEEE Communications Magazine},
  title   = {{Multicast Transport Protocols: A Survey and Taxonomy}},
  year    = {1998},
  month   = {Jan},
  volume  = {36},
  number  = {1},
  pages   = {94-102},
}

@techreport{hbw-rpp-08,
  author    = {M. Handley and M. Bagnulo-Braun and D. Wischik},
  title     = {{The Resource Pooling Principle}},
  type      = {Position Paper},
  institution = {UCL},
  howpublished = "\url{http://www.cs.ucl.ac.uk/staff/m.handley/papers/resource-pooling-principle.pdf}",
  year      = {2008},
}

@article{whb-rpp-08,
  author    = {Damon Wischik and Mark Handley and Marcelo Bagnulo Braun},
  title     = {{The Resource Pooling Principle}},
  journal   = {SIGCOMM Comput. Commun. Rev.},
  volume    = {38},
  number    = {5},
  pages     = {47--52},
  year      = {2008},
  month     = {Oct.},
  publisher = {ACM},
  address   = {NY, USA}
}

@article{krv-sfecc-08,
  author    = {Frank Kelly and Gaurav Raina and Thomas Voice},
  title     = {{Stability and Fairness of Explicit Congestion Control with Small Buffers}},
  journal   = {SIGCOMM Comput. Commun. Rev.},
  volume    = {38},
  number    = {3},
  pages     = {51--62},
  year      = {2008},
  publisher = {ACM},
  address   = {NY, USA},
}

@inproceedings{gs-eabetec-10,
  author    = {Goldoni, Emanuele and Schivi, Marco},
  title     = {{End-to-end Available Bandwidth Estimation Tools, an Experimental Comparison}},
  booktitle = {2nd Int. Conf. on Traffic Monitoring and Analysis (TMA'10)},
  year      = {2010},
  location  = {Zurich, Switzerland},
  pages     = {171--182},
  numpages  = {12},
  publisher = {Springer-Verlag},
  address   = {Berlin, Heidelberg},
}

@article{gl-oaabett-10,
  author    = {Guerrero, Cesar D. and Labrador, Miguel A.},
  title     = {{On the applicability of available bandwidth estimation techniques and tools}},
  journal   = {Computer Communications},
  volume    = {33},
  number    = {1},
  year      = {2010},
  pages     = {11--22},
  publisher = {Butterworth-Heinemann},
  address   = {Newton, MA, USA},
 }

@ARTICLE{dvrt-owdmsa-08,
  author    = {De Vito, L. and Rapuano, S. and Tomaciello, L.},
  title     = {{One-Way Delay Measurement: State of the Art}},
  journal   = {Instrumentation and Measurement, IEEE Transactions on},
  year      = {2008},
  month     = {December},
  volume    = {57},
  number    = {12},
  pages     = {2742--2750},
}

@article{hrx-cntht-08,
  author    = {Ha, Sangtae and Rhee, Injong and Xu, Lisong},
  title     = {{CUBIC: a new TCP-friendly high-speed TCP variant}},
  journal   = {SIGOPS Oper. Syst. Rev.},
  volume    = {42},
  number    = {5},
  month     = {July},
  year      = {2008},
  pages     = {64--74},
  numpages  = {11},
  publisher = {ACM},
  address   = {New York, NY, USA},
}

@article{kc-fcrcn-72,
  author={R. Kahn and W. Crowther},
  title={{Flow Control in a Resource-Sharing Computer Network}},
  journal={IEEE Transactions on Communications},
  year={1972},
  volume={20},
  number={3},
  pages={539-546},
  ISSN={0090-6778},
  month={Jun}
}

@techreport{b-fcpwn-74,
  author={Belsnes, Dag},
  title={{Flow Control in Packet Switching Networks}},
  institution={Digital Systems Laboratory, Stanford University},
  number={DSL Tech. Note \#50},
  note={INWG  Protocol Note \#63},
  location={California},
  year={1974},
  month={Oct}
}

@article{gk-fccs-80,
  author={M. Gerla and L. Kleinrock},
  title={{Flow Control: A Comparative Survey}},
  journal={IEEE Transactions on Communications},
  year={1980},
  volume={28},
  number={4},
  pages={553-574},
  ISSN={0090-6778},
  month={Apr},
}

@inproceedings{dks-asfqa-89,
  author = {Demers, A. and Keshav, S. and Shenker, S.},
  title = {{Analysis and Simulation of a Fair Queueing Algorithm}},
  booktitle = {Symposium Proceedings on Communications Architectures and Protocols},
  series = {SIGCOMM '89},
  year = {1989},
  isbn = {0-89791-332-9},
  location = {Austin, Texas, USA},
  pages = {1--12},
  numpages = {12},
  publisher = {ACM},
  address = {New York, NY, USA},
}

@article{sv-efqud-96,
  author = {Shreedhar, M. and Varghese, George},
  title = {{Efficient Fair Queueing Using Deficit Round-robin}},
  journal = {IEEE/ACM Trans. Netw.},
  issue_date = {June 1996},
  volume = {4},
  number = {3},
  month = jun,
  year = {1996},
  issn = {1063-6692},
  pages = {375--385},
  numpages = {11},
  publisher = {IEEE Press},
  address = {Piscataway, NJ, USA},
}
