@article{whssp-ubpqr-13,
 author = {F. Wamser and D. Hock and M. Seufert and B. Staehle and R. Pries and P. Tran-Gia},
 title = "{Using buffered playtime for QoE-oriented resource management of YouTube video streaming}",
 journal = {Trans. Emerging Tel. Tech.},
 volume = {24},
 number = {3},
 month = {April},
 year = {2013},
 pages = {288--302},
 publisher = {Wiley Online Library},
}

@inproceedings{apks-qapsu-09,
  author = "Osama Abboud and Konstantin Pussep and Aleksandra Kovacevic and Ralf Steinmetz",
  title = "{Quality Adaptive Peer-to-Peer Streaming Using Scalable Video Coding}",
  booktitle = "Proc. 12th IFIP/IEEE Intern. Conf. on Management of Multimedia and Mobile Networks and Services (MMMS 2009)",
  editor = "T. Pfeifer and P. Bellavista",
  year = "2009",
  pages = "41--54",
  publisher = "Springer Verlag",
  series = "LNCS",
  number = 5842,
}

@inproceedings{bswg-lpsus-07,
  author = "Pierpaolo Baccichet and Thomas Schierl and Thomas Wiegand and Bernd Girod",
  title = "{Low-Delay Peer-to-Peer Streaming using Scalable Video Coding}",
  booktitle = "Proc. International Packet Video Workshop (PV2007)",
  year = "2007",
  pages = "173--181",
  publisher = "IEEE",
  address = "Lausanne, Switzerland",
}

@article{ecs-mvsvc-06,
 author = {Alexandros Eleftheriadis and Reha Civanlar and Ofer Shapiro},
 title = "{Multipoint videoconferencing with scalable video coding}",
 journal = {J. Zhejiang Univ. SCIENCE A},
 volume = {7},
 number = {5},
 year = {2006},
 pages = {696--705},
 publisher = {Zhejiang University Press},
}

@inproceedings{kpkh-hapwr-08,
  author = "Ingo Kofler and Martin Prangl and Robert Kuschnig and Hermann
  Hellwagner",
  title = "{An H.264/SVC-based adaptation proxy on a WiFi router}",
  booktitle = "Proc. 18th Intern. Workshop on Network and Operating Systems
  Support for Digital Audio and Video (NOSSDAV'08)",
  pages = "63--68",
  year = "2008",
  publisher = "ACM",
  address = "New York, USA",
}

@inproceedings{mh-esdsv-09,
  author = "Kianoosh Mokhtarian and Mohamed Hefeeda",
  title = "{End--to--End Secure Delivery of Scalable Video Streams}",
  booktitle = "Proc. 19th Intern. Workshop on Network and Operating Systems
  Support for Digital Audio and Video (NOSSDAV'09)",
  pages = "79--84",
  year = "2009",
  publisher = "ACM",
  address = "New York, USA",
}

@inproceedings{ro-ppals-03,
  author = "Reza Rejaie and Antonio Ortega",
  title = "{PALS: Peer-to-Peer Adaptive Layered Streaming}",
  booktitle = "Proc. 13th Intern. Workshop on Network and Operating Systems Support for Digital Audio and Video",
  year = "2003",
  pages = "153--161",
  publisher = "ACM",
  address = "New York, USA",
}

@inproceedings{m-pnmdw-07,
  author = "Craig Murphy",
  title = "{PlaysForSure. Network Media Devices and Windows Vista}",
  booktitle = "Microsoft Windows Hardware Engineering Conference (WinHEC)",
  year = "2007",
  note = "presentation",
  url = {http://download.microsoft.com/download/a/f/d/afdfd50d-6eb9-425e-84e1-b4085a80e34e/CON-T418_WH07.pptx}
}

@techreport{v-mbrs-09,
  author = "{VBrick}",
  title = "{Multiple Bit Rate Streaming}",
  month = "July",
  year = "2009",
  type = "White Paper",
  institution = "VBrick Systems Inc.",
  url = "http://www.vbrick.com/docs/VB_WhitePaper_WMMBR_rd1.pdf"
}

@article{ggps-catgu-07,
 author = {Gulliver, S. R. and Ghinea, G. and Patel, M. and Serif, T.},
 title = "{A Context-aware Tour Guide: User Implications}",
 journal = {Mob. Inf. Syst.},
 volume = {3},
 number = {2},
 year = {2007},
 issn = {1574-017X},
 pages = {71--88},
 publisher = {IOS Press},
 address = {Amsterdam, The Netherlands, The Netherlands},
}

@article{gazw-mpwss-07,
 author = {Gehlen, Guido and Aijaz, Fahad and Zhu, Yi and Walke, Bernhard},
 title = "{Mobile P2P Web Services using SIP}",
 journal = {Mob. Inf. Syst.},
 volume = {3},
 number = {3,4},
 year = {2007},
 issn = {1574-017X},
 pages = {165--185},
 publisher = {IOS Press},
 address = {Amsterdam, The Netherlands, The Netherlands},
}

@article{b-b3vmv-06,
 author = {Basso, Andrea},
 title = "{Beyond 3G video mobile video telephony: The role of 3G-324M in mobile video services}",
 journal = {Multimedia Tools Appl.},
 volume = {28},
 number = {1},
 year = {2006},
 issn = {1380-7501},
 pages = {173--185},
 doi = {http://dx.doi.org/10.1007/s11042-006-6141-2},
 publisher = {Springer Netherlands},
}

@article{fg-vcmhc-01,
 author = {Faichney, Jolon and Gonzalez, Ruben},
 title = "{Video Coding for Mobile Handheld Conferencing}",
 journal = {Multimedia Tools Appl.},
 volume = {13},
 number = {2},
 year = {2001},
 issn = {1380-7501},
 pages = {165--176},
 doi = {http://dx.doi.org/10.1023/A:1009689110306},
 publisher = {Kluwer Academic Publishers},
 address = {Hingham, MA, USA},
}
@article{k-sshvi-08,
 author = {Kantarc\i, Aylin},
 title = "{Streaming of scalable H.264 videos over the Internet}",
 journal = {Multimedia Tools Appl.},
 volume = {36},
 number = {3},
 year = {2008},
 issn = {1380-7501},
 pages = {303--324},
 doi = {http://dx.doi.org/10.1007/s11042-007-0147-2},
 publisher = {Springer Netherlands},
}

@book{sj-icus-06,
  author = "Henry Sinnreich and Alan B Johnston",
  title = "{Internet Communication Using SIP, 2nd Ed.}",
  publisher = "Wiley",
  address = "Indianapolis, USA",
  year = "2006", 
}

@book{j-s-09,
  author = "Alan B Johnston",
  title = "{SIP: Understanding the Session Initiation Protocol, 3rd Ed.}",
  publisher = "Artech House",
  address = "Norwood, MA, USA",
  year = "2009", 
}

@article{cjnlp-pdmal-05,
  title="{Policy-Based Distributed Management Architecture for Large-Scale Enterprise Conferencing Service Using SIP}",
  author={Yeong-Hun Cho and Moon-Sang Jeong and Jae-Wook Nah and Wee-Hyuk Lee and Jong-Tae Park},
  journal={Selected Areas in Communications, IEEE Journal on},
  year={2005},
  month={Oct.},
  volume={23},
  number={10},
  pages={1934--1949}, 
  doi={10.1109/JSAC.2005.854120},
}

@article{oblmn-vcwha-04,
  author = "J. Ostermann and J. Bormans and P. List and D. Marpe and N. Narroschke and F. Pereira and T. Stockhammer and T. Wedi",
  title = "{Video Coding with H.264/AVC: Tools, Performance and Complexity}",
  journal = "IEEE Circuits and Systems Magazine",
  year = "2004",
  volume = "4",
  number = "1",
  pages = "7--28",
  month = "April",
  address = "New York, USA",
}

@techreport{itu:h.323,
  author = "{ITU-T Recommendation H.323}",
  title = "{Infrastructure of audio-visual services - Systems and terminal
  equipment for audio-visual services: Packet-based multimedia
  communications systems}",
  year = "2000",
  institution = "ITU",
  note = "Draft Version 4"
}

@techreport{H224,
  title = {{A real time control protocol for simplex applications using the H.221 LSD/HSD/MLP channels}},
  author = {ITU},
  institution = "ITU",
  type = "Recommendation",
  year = "2005"
}

@techreport{H281,
  title = "{A far end camera control protocol for videoconferences using H.224}",
  author = {ITU},
  institution = "ITU",
  type = "Recommendation",
  year = "1994"
}

@techreport{G114,
  title = "{G.114 - One-way transmission time}",
  author = {ITU},
  institution = "ITU",
  type = "Recommendation - Telecommunication Union Standardization Sector",
  month = "05",
  year = "2003"
}

@article{kgdd-mmvsm-02,
  author = "Ted T. Kwon and Mario Gerla and Sjal Das and Subir Das",
  title = "{Mobility Management for VoIP Service: Mobile IP vs. SIP}",
  journal = "IEEE Wireless Communications",
  volume = 9,
  number = 5,
  pages = "66--75",
  month = "October",
  year = "2002",
  address = "New York, USA",
}

@inproceedings{s-ucgsp-06,
  author = "Jan Seedorf",
  title = "{Using Cryptographically Generated SIP-URIs to Protect the Integrity of Content in P2P-SIP}",
  booktitle = "3rd Annual VoIP Security Workshop",
  address = "Berlin, Germany",
  year = "2006",
}

@ARTICLE{csmi-porcs-09,
  title={{Peer-to-peer overlays for real-time communication: security issues and solutions}},
  author={Chopra, D. and Schulzrinne, H. and Marocco, E. and Ivov, E.},
  journal={Communications Surveys \& Tutorials, IEEE},
  year={2009},
  month={First Quarter},
  volume={11},
  number={1},
  pages={4--12},
  doi={10.1109/SURV.2009.090102},
  ISSN={1553-877X}, 
}


@inproceedings{ws-msus-99,
  author = "E. Wendlund and Henning Schulzrinne",
  title = "{Mobility Support using SIP}",
  booktitle = "Proc. of the 2nd ACM Intern. Workshop on Wireless Mobile Multimedia",
  pages = "76--82",
  year = "1999",
  publisher = "ACM Press",
  address = {New York, NY, USA},
}

@article{tb-smsam-08,
  author = {Jasper Aartse Tuijn and Dennis Bijwaard},
  title = {{Spanning a Multimedia Session Across Multiple Devices}},
  journal = {Bell Labs Technical Journal},
  volume = {12},
  number = {4},
  year = {2008},
  pages = {179--193},
  publisher = {John Wiley and Sons Ltd.},
  address = {Chichester, UK, UK}
}

@inproceedings{msim-sstmb-07,
  author={Hiroshi Mineno and Hideharu Suzuki and Norihiro Ishikawa and
  Tadanori Mizuno},
  title={{Seamless Streaming Transfer Method between Devices within Mobile
  Personal Area Networks}},
  booktitle={Proc. of the 4th IEEE of Consumer Communications and Networking
  Conference (CCNC'07)},
  pages={701--705},
  year={2007},
  publisher = {IEEE Press}
}

@misc{microsoft:1,
  title = "NetMeeting Resource Kit - Finding People",
  year = "2001",
  howpublished = "\url{http://www.microsoft.com/windows/netmeeting/Corp/ResKit/Chapter3/default.asp}",
  key = "Microsoft",
  note = "Aktualisierungsdatum: 15.12.1999"
}

@misc{vidi:1,
 title = "Video Development Initiative Homepage",
  year = "2002",
  howpublished = "\url{http://www.vide.net}",
  key = "vidi"
}

@misc{vcon:1,
  title = "Die VCON Homepage",
  year = "2001",
  howpublished = "\url{http://www.vcon.com}",
  key = "vcon"
}

@misc{ivisit:1,
  title = "Die iVisit  Homepage",
  year = "2001",
  howpublished = "\url{http://www.ivist.com}",
  key = "ivisit"
}

@misc{dfn-vcoip,
  title = "DFN Videokonfenenzportal",
  year = "2001",
  howpublished = "\url{http://www.vc.shuttle.de}",
  key = "DFN"
}

@misc{daviko,
  author = "Mark Palkow",
  title = "{The daViKo homepage}",
  year = 2012,
  note = "http://www.daviko.com"
}
@misc{enet,
	title="{Enet}",
	author = "{Lee Salzman}",
	url={http://enet.bespin.org},
	year=2012,
	urldate={03.03.2012}
}
@misc{vidyo,
  author = "{Vidyo Inc.}",
  title = "{Vidyo homepage}",
  year = 2009,
  note = "http://www.vidyo.com"
}

@misc{speex,
  title = "{The Speex projectpage}",
  year = "2009",
  howpublished = "http://www.speex.org",
}

@misc{skype,
  title = "{The Skype homepage}",
  year = 2009,
  howpublished = "http://www.skype.com",
}

@misc{jpeg2000,
  author = "{JPEG committee}",
  title = "{JPEG 2000}",
  year = 2009,
  howpublished = "http://www.jpeg.org/jpeg2000/"
}

@misc{x264,
  title = "{VideoLan: x264 - a free h264/avc encoder}",
  year = "2009",
  howpublished = "http://www.videolan.org/developers/x264.html",
}

@misc{rudp,
  title = "{The RUDP homepage}",
  year = "2005",
  howpublished = "http://www.javvin.com/protocolRUDP.html",
}

@misc{nist-sip,
  key = "Jain-SIP",
  title = "{The NIST JAIN-SIP homepage}",
  year = "2009",
  howpublished = "http://jain-sip.dev.java.net/",
}

@inproceedings{cwtr-dctvm-08,
  author = {Hans L. Cycon and Anja C. Wagner and Fabian Topfstedt and Henrik Regensburg},
  title = {{Distribution \& Communication Tools for Video-based m-Learning}},
  booktitle = {Wireless Communication and Information},
  editor = {J. Sieck and M. Herzog},
  publisher = {Verlag Werner H{\"u}lsbusch},
  year = {2008},
  address = {Boizenburg},
  pages = {173--184},
}

@inproceedings{verharen:1,
  author    = {E. Verharen},
  title = {Development of a European Videoconferencing Service},
  year  = {2001},
  booktitle = {Proceedings of TERENA 2001 Networking Conference},
  publisher = "\url{http://www.terena.nl/conf/tnc2001/proceedings}"
}

@inproceedings{avc:1,
  author = {H. Schwarz and T. Wiegand},
  title = {The Emerging JVT/H.26L Video Codec Standard},
  year = {2002},
  booktitle = {Proceedings of IBC 2002},
  publisher = "\url{http://bs.hhi.de/~wiegand/JVT.html}",
  address = "Amsterdam"
}

@inproceedings{smsw-cssse-05,
  author = {Heiko Schwarz and Detlev Marpe and Thomas Schierl and Thomas
  Wiegand},
  title = {{Combined Scalability Support for the Scalable Extension of
  H.264/AVC}},
  booktitle = {Proc. of the IEEE International Conference on Multimedia and
  Expo (ICME'05)},
  pages = "446--449",
  year = {2005},
  publisher = {IEEE Computer Society},
  address = {Los Alamitos, CA, USA}
}

@techreport{jvt-x201,
  author = {Thomas Wiegand and Gary Sullivan and Julien Reichel and Heiko
  Schwarz and Mathias {Wien (Eds.)}},
  title = "{Joint Draft 11 of SVC Amendment}",
  month = "July",
  year = "2007",
  type = "Doc.",
  number = "JVT-X201",
  institution = "ISO/IEC MPEG {\&} ITU-T VCEG"
}

@techreport{jvt-x202,
  author = {Julien Reichel and Heiko Schwarz and Mathias {Wien (Eds.)}},
  title = "{Joint Scalable Video Model 11 (JSVM 11)}",
  month = "July",
  year = "2007",
  type = "Doc.",
  number = "JVT-X202",
  institution = "ISO/IEC MPEG {\&} ITU-T VCEG"
}

@techreport{jvt-s201,
  author = {Thomas Wiegand and Gary Sullivan and Julien Reichel and Heiko
  Schwarz and Mathias {Wien (Eds.)}},
  title = "{Joint Draft 6}",
  month = "April",
  year = "2006",
  type = "Doc.",
  number = "JVT-S201",
  institution = "ISO/IEC MPEG {\&} ITU-T VCEG"
}

@misc{avc:2,
  author = "{{International Multimedia Telecommunications Consortium
  (IMTC)}}",
  title = {The {E}merging {JVT}/{H.26L} {V}ideo {C}odec {S}tandard},
  year = {2002},
  howpublished = "\url{ftp://ftp.imtc-files.org/jvt-experts}"
}

@article{ugetsa-ocabet-08,
 author = {Urvoy-Keller, Guillaume and En-Najjary, Taoufik and Sorniotti, Alessandro},
 title = {{Operational comparison of available bandwidth estimation tools}},
 journal = {SIGCOMM Comput. Commun. Rev.},
 issue_date = {January 2008},
 volume = {38},
 number = {1},
 month = "January",
 year = {2008},
 issn = {0146-4833},
 pages = {39--42},
 publisher = {ACM},
 address = {New York, NY, USA},
} 
@article{sa-mngsi-05,
  author = "Aameek Singh and Arup Acharya",
  title = "{Multiplayer networked gaming with the session initiation protocol}",
  journal = "Computer Networks",
  year = "2005",
  volume = "49",
  number = "1",
  pages = "38--51",
  month = "November",
  address = "Amsterdam"
}

@inproceedings{mc-eptwi-99,
  author = "D. Marpe and H. L. Cycon",
  title = "Efficient Pre-Coding Techniques for Wavelet-Based Image Compression",
  booktitle = "Proc. PCS '97",
  year = "1999",
  pages = "45--50",
  key = "Marpe",
}

@inproceedings{mc-vlbvc-99,
  author = "D. Marpe and H. L. Cycon",
  title = "Very Low Bit-Rate Video Coding Using Wavelet-Based Techniques",
  booktitle = "IEEE Trans. on Circ. and Sys. for Video Techn.",
  year = "1999",
  pages = "85--94",
  number = "9",
  key = "Marpe",
}

@inproceedings{sears:1,
  author = "A. Sears",
  title = "A Scalable Directory Schema in LDAP for Integrated Conferencing Services",
  booktitle = "Proceedings of Inet97",
  year = "1997",
  publisher = "\url{http://www.isoc.org/inet97/proceedings}",
}

@inproceedings{kn-klizp-04,
  author = "G. Kayser and T.N. Nguyen--Dobinsky",
  title = "{Komplexe Lehrszenarien in der interaktiven, zeitsynchronen, patientennahen Online Ausbildung in der Medizin}",
  booktitle = "Proceedings of GML$^2$ Workshop",
  year = 2004,
  month = "March",
  publisher = "TU Berlin",
}

@inproceedings{tpc-wivcu-04,
  author = {Jens Tiemann and Mark Palkow and Hans L. Cycon},
  title = {{Wireless IP Video Conferencing via UMTS}},
  booktitle = {WCI Symposium 04: Symposium on Wireless Communication, FHTW Berlin},
  type = {Symposium on Wireless Communications and Applications},
  year = {2004},
  month = {October},
  pages = {67--76},
  publisher = {Shaker Verlag},
  ISBN = {3-8322-5230-4},
}


@techreport{itu:h.262,
  number = "{ITU-T Rec. H.262 and ISO/IEC 13818-2 (MPEG-2 Video), ITU-T and ISO/IEC JTC 1}",
  title = "{Generic Coding of Moving Pictures and Associated Audio Information -- Part 2: Videos}",
  year = "1994",
  institution = "ITU-T",
}

@techreport{itu:h.263,
  number = "{ITU-T Rec. H.263, ITU-T, Version 1, 2, 3}",
  title = "{Video Coding for Low Bit Rate communication}",
  year = "1995 (1), 1998 (2), 2000 (3)",
  institution = "ITU-T",
}

@techreport{iso:mpeg4,
  number = "{ISO/IEC 14492-2 (MPEG-4 Visual), ISO/IEC JTC 1, Version 1, 2, 3}",
  title = "{Coding of audio-visual objects -- Part 2: Visual}",
  year = "1999 (1), 2000 (2), 2004 (3)",
  institution = "ISO/IEC",
}

@techreport{itu:h.264,
  number = "{Recom\-men\-dation H.264 \& ISO/IEC 14496-10 AVC, v3}",
  title = "{Advanced Video Coding for Generic Audiovisual Services}",
  year = "2005",
  institution = "ITU-T",
}


@techreport{itu:h.264-svc,
  number = "{Recom\-men\-dation H.264 \& ISO/IEC 14496-10 AVC/ Amd.3 Scalable Video Coding}",
  title = "{Advanced Video Coding for Generic Audiovisual Services, Annex G}",
  month = "November",
  year = "2007",
  institution = "ITU-T",
}

@article{ssw-mvtus-07,
  author = "Thomas Schierl and Thomas Stockhammer and Thomas Wiegand",
  title = "{Mobile Video Transmission Using Scalable Video Coding}",
  Journal = {IEEE Transactions on Circuits and Systems for Video Technology},
  month = "September",
  volume = 17,
  number = 9,
  year = 2007,
  pages = "1204--1217",
}

@article{smw-osvce-07,
  author = "Heiko Schwarz and Detlev Marpe and Thomas Wiegand",
  title = "{Overview of the Scalable Video Coding Extension of the H.264/AVC Standard}",
  Journal = {IEEE Transactions on Circuits and Systems for Video Technology},
  month = "September",
  volume = 17,
  number = 9,
  year = 2007,
  pages = "1103--1120",
  address = "Piscataway, NJ"
}

@techreport{itu:h.264-svc-old,
  title = "{Advanced Video Coding for Generic Audiovisual Services}", 
  author = "{ITU-T Rec. H.264 and ISO/IEC 14496-10 (MPEG-4 AVC)}",
  number = 8,
  month = "July",
  year = 2007,
  institution = "ITU",
}

@misc{jsvm:1,
  title = {{SVC Reference Software}},
  year = "2010",
  howpublished = "\url{http://ip.hhi.de/imagecom_G1/savce/downloads/SVC-Reference-Software.htm}",
  key = "jsvm"
}

@misc{pjsip,
  title = {{PJSIP Stack}},
	year = "2011",
	howpublished = "http://www.pjsip.org/",
}

@misc{ms-ccr,
  title = {{Microsoft Robotics - Concurrency and Coordination Runtime (CCR)}},
	year = "2010",
	howpublished = "http://msdn.microsoft.com/en-us/library/bb905470.aspx"
}

@misc{eldos-sbb,
  title = {{SecureBlackbox Suite}},
	year = "2011",
	howpublished = "http://eldos.com/sbb/"
}

@misc{google-maps,
  title = {{Google Maps API}},
	year = "2011",
	howpublished = "http://code.google.com/intl/de-DE/apis/maps/"
}

@ARTICLE{sr-vtehvt-12, 
author={Seeling, Patrick and Reisslein, Martin}, 
journal={Communications Surveys Tutorials, IEEE}, title={Video Transport Evaluation With H.264 Video Traces}, 
year={2012}, 
month={quarter }, 
volume={14}, 
number={4}, 
pages={1142--1165}, 
keywords={Encoding;Scalability;Static VAr compensators;Streaming media;Transform coding;Video coding;H.264 encoded video;hierarchical B frames;medium grain scalability (MGS);network transport;simulation;traffic variability;video trace;}, 
doi={10.1109/SURV.2011.082911.00067}, 
ISSN={1553-877X},}

@ARTICLE{no-ccsvs-07, 
author={Dieu Thanh Nguyen and Ostermann, J.}, 
title={{Congestion Control for Scalable Video Streaming Using the Scalability Extension of H.264/AVC}}, 
journal={Selected Topics in Signal Processing, IEEE Journal of}, 
year={2007}, 
month={August}, 
volume={1}, 
number={2}, 
pages={246--253}, 
}

@ARTICLE{sohw-ohevc-12, 
author={Sullivan, G.J. and Ohm, J. and Woo-Jin Han and Wiegand, T.}, 
journal={IEEE Transactions on Circuits and Systems for Video Technology}, 
title={Overview of the High Efficiency Video Coding (HEVC) Standard}, 
year={2012}, 
month={December}, 
volume={22}, 
number={12}, 
pages={1649--1668}, 
}

@INPROCEEDINGS{jktk-asvcp-10, 
author={Euy-Doc Jang and Jae-Gon Kim and Truong Cong Thang and Jung-Won Kang}, 
booktitle={Advanced Communication Technology (ICACT), 2010 The 12th International Conference on}, 
title={{Adaptation of Scalable Video Coding to packet loss and its performance analysis}}, 
year={2010}, 
volume={1}, 
pages={696--700}, 
}

@ARTICLE{vg-rctrc-04, 
  author={Vieron, J. and Guillemot, C.}, 
  journal={Multimedia, IEEE Transactions on}, 
  title={{Real-time constrained TCP-compatible rate control for video over the Internet}}, 
  year={2004}, 
  month={August}, 
  volume={6}, 
  number={4}, 
  pages={634--646}, 
}

@INPROCEEDINGS{tsv-osrac-11, 
  author={Toma, G. and Schumacher, L. and De Vleeschouwer, C.}, 
  booktitle={Multimedia and Expo (ICME), 2011 IEEE International Conference on}, 
  title={{Offering streaming rate adaptation to common media players}}, 
  year={2011}, 
  month={July}, 
  pages={1--7}, 
}

@article{fvts-ivsaf-12,
  author = {Ivan Fernandez and Christophe De Vleeschouwer and George Toma and Laurent Schumacher},
  title = {{An Interactive Video Streaming Architecture Featuring Bitrate Adaptation}},
  journal = {Journal of Communications},
  volume = {7},
  number = {4},
  year = {2012},
  month= {April},
}

@ARTICLE{omlw-pqavc-11, 
  author={Yen-Fu Ou and Zhan Ma and Tao Liu and Yao Wang}, 
  journal={IEEE Transactions on Circuits and Systems for Video Technology}, 
  title={Perceptual Quality Assessment of Video Considering Both Frame Rate and Quantization Artifacts}, 
  year={2011}, 
  month={March}, 
  volume={21}, 
  number={3}, 
  pages={286--298}, 
}
