@misc{graphviz,
  institution 	= {AT\&T Research Labs},
  title 	= {{Graphviz - Graph Visualization Software}},
  year 		= {2010},
  howpublished 	= {http://www.graphviz.org/}
}

@incollection{egknw-gdsdg-04,
  address = {Berlin/Heidelberg},
  author = {J. Ellson and E.R. Gansner and E. Koutsofios and S.C. North and G. Woodhull},
  booktitle = {Graph Drawing Software},
  editor = {M. Junger and P. Mutzel},
  pages = {127--148},
  publisher = {Springer-Verlag},
  series = {Mathematics and Visualization},
  title = {{Graphviz and Dynagraph -- Static and Dynamic Graph Drawing Tools}},
  year = 2004,
  abstract = {Graphviz is a heterogeneous collection of graph drawing tools containing batch layout programs (dot, neato, fdp, twopi); a platform for incremental layout (dynagraph); customizable graph editors (dotty, grappa); a server for including graphs in Web pages (webDOT); support for graphs as COM objects (montage); utility programs useful in graph visualization; and libraries for attributed graphs. The software is available under an Open Source license. }
}

@article{kk-adgug-89,
 author = {Kamada, T. and Kawai, S.},
 title = {{An Algorithm for Drawing General Undirected Graphs}},
 journal = {Inf. Process. Lett.},
 volume = {31},
 number = {1},
 year = {1989},
 issn = {0020-0190},
 pages = {7--15},
 doi = {http://dx.doi.org/10.1016/0020-0190(89)90102-6},
 publisher = {Elsevier North-Holland, Inc.},
 address = {Amsterdam, The Netherlands, The Netherlands},
 }

